1771 3043
217 245 318 298 -36

250 384 347 440 ipse
376 382 459 426 ille
483 380 731 424 Stratocles
761 384 829 423 est
858 379 920 432 is,
954 380 1038 436 qui
1062 380 1193 423 finito
1218 382 1431 424 convivio
1459 379 1669 423 meretri-'-

250 460 323 499 ce's
364 455 569 498 adducat.
660 451 1042 496 Consuetudinem
1076 466 1188 496 vero
1226 453 1434 497 habuisse
1469 458 1571 497 cum
1609 453 1668 495 iis

249 528 543 583 Stratoclem,
583 530 720 572 simul
750 530 902 571 innuit
930 530 1102 572 verbis:
1134 525 1190 578 ὥς
1209 528 1501 586 Στρατοκλῆς
1531 525 1669 576 ἠλαύ-

248 619 295 646 νε
313 633 324 652 ,
372 618 487 662 quae
507 634 521 658 ,
539 590 656 661 v“qua
685 609 790 645 sunt
818 600 1141 662 ambiguitate,
1188 617 1291 645 eum
1320 617 1421 645 cum
1460 602 1532 643 his
1563 616 1669 645 con-

248 679 458 721 cumbere
488 679 638 721 solere
667 676 936 735 significant.
995 680 1050 718 cf.
1082 676 1338 737 Schweigh.
1370 676 1429 718 ad
1466 677 1509 718 h.
1543 677 1573 718 l.
1609 700 1668 709 --

247 753 427 805 Restat,
479 767 612 809 quem
641 751 829 793 Matreu
868 748 988 806 apud
1013 749 1175 792 Athen.
1208 750 1286 792 tv.
1330 765 1373 808 p.
1411 753 1508 797 134.
1549 764 1591 792 v.
1624 754 1667 794 2.

247 830 475 887 nominat,
520 827 744 878 Xenocles
774 826 935 869 rhetor
963 826 1265 868 Atheniensis.
1341 826 1401 867 At
1431 824 1485 867 de
1515 838 1569 867 eo
1600 824 1669 865 ni-

248 903 317 944 hil
346 904 474 954 novi,
507 916 608 942 cum
633 900 746 941 duos
776 907 931 956 poetas
960 902 1160 960 tragicos
1192 902 1322 956 hujus
1352 902 1550 943 nominis
1579 901 1668 942 huc

247 991 339 1018 non
382 977 614 1033 pertinere
656 980 885 1031 appareat.
975 974 1180 1019 Fortasse
1226 982 1377 1018 tamen
1421 976 1562 1018 schol.
1608 973 1668 1017 a'd

245 1053 476 1110 Aristoph.
509 1053 619 1093 Ran.
653 1054 725 1096 86.
767 1049 822 1092 de
861 1050 932 1091 his
973 1062 1111 1109 agens
1149 1050 1338 1093 rhetora
1377 1050 1666 1109 significavit,

245 1143 348 1172 cum
378 1126 578 1169 addidit:
620 1124 779 1181 τρίτος
809 1122 856 1166 δὲ
883 1123 986 1178 ἐστὶ
1014 1122 1203 1174 τούτοις
1233 1123 1494 1180 ὁμώνυμος,
1531 1124 1670 1166 πολι-

243 1201 371 1252 τικὸς
391 1235 405 1257 ,
463 1200 649 1256 φαύλου
681 1198 761 1255 μὲν
790 1184 966 1256 πάτρὸς
990 1229 1002 1247 ,
1060 1202 1128 1253 τῴ·
1160 1198 1205 1241 δὲ
1235 1199 1357 1254 δήμῳ
1390 1198 1664 1258 Χολαργεύς.

244 1277 335 1321 Sed
365 1291 422 1320 ne
452 1290 508 1319 ex
536 1276 609 1318 his
641 1274 823 1330 quidem
852 1275 1013 1333 colligi
1045 1274 1289 1331 quidquam
1321 1281 1479 1331 potest.
1541 1276 1665 1331 Quae

244 1366 346 1395 cum
377 1353 442 1393 ita
471 1349 592 1403 sint,
649 1349 908 1391 Mati-onem
938 1350 1061 1390 circa
1092 1351 1265 1391 exitum
1294 1351 1445 1407 quarti
1481 1364 1522 1393 a.
1554 1350 1661 1394 chr.

242 1426 439 1480 saeculi,
470 1428 566 1469 sive
596 1428 768 1467 circum
802 1426 872 1466 01.
907 1429 1067 1470 110—
1089 1431 1185 1471 115.
1214 1427 1383 1468 vixisse
1413 1433 1575 1468 statuo.

359 1501 571 1544 Ceterum
609 1498 665 1542 de
704 1497 867 1556 parodi
904 1501 1005 1543 vita
1044 1501 1112 1542 nil
1151 1502 1331 1543 scimus.
1421 1500 1485 1544 Re
1513 1503 1665 1543 tamen

241 1577 462 1619 familiari
500 1577 638 1616 fuisse
677 1588 779 1615 eum
815 1587 977 1629 parum
1014 1574 1164 1631 larga,
1224 1574 1461 1632 colligitur
1498 1588 1555 1616 ex
1592 1588 1662 1628 eo,

242 1648 363 1707 quod
393 1648 509 1691 dicit
537 1647 655 1704 apud
683 1648 846 1690 Athen.
878 1647 958 1690 IV.
1002 1663 1046 1704 p.
1082 1652 1180 1695 136.
1213 1650 1267 1692 D.
1314 1665 1355 1693 v.
1387 1654 1443 1696 91
1474 1664 1567 1706 sqq.

793 1779 799 1783 -
874 1759 1019 1828 §.a

639 1865 715 1900 DE
739 1864 1020 1902 MATRONIS
1051 1866 1265 1903 PATRIA.

357 1947 493 1989 Recte
538 1946 759 1988 historiae
803 1946 1038 1989 literariae
1080 1949 1325 2005 scriptores
1370 1952 1667 2006 recentiores,‘

236 2030 288 2064 ut
318 2022 491 2064 sehon.
522 2022 578 2063 II.
610 2036 652 2076 p.
681 2025 777 2066 106.
833 2020 1089 2062 Groddeck.
1121 2021 1179 2064 ΙΙ.
1209 2037 1251 2077 p.
1273 2029 1372 2076 23,·
1399 2024 1660 2068 Matronem

237 2096 453 2137 dixerunt
481 2096 640 2136 Pitana
669 2095 808 2135 fuisse
840 2091 1096 2135 oriundum.
1173 2095 1304 2152 Apud
1336 2097 1495 2141 Athen.
1524 2105 1660 2155 atque

236 2172 436 2211 Eustath.
485 2184 753 2225 quamquam
800 2169 1066 2224 plerumque
1114 2169 1171 2210 ad
1217 2169 1447 2213 Mati-onis
1494 2163 1669 2215 nomen·

235 2246 384 2301 patria
416 2257 507 2285 non
537 2245 597 2285 sit
626 2241 822 2297 adJecta,
869 2247 1018 2285 tamen
1049 2242 1169 2300 apud
1197 2245 1358 2288 Athen.
1388 2244 1423 2287 1.
1454 2260 1497 2302 p.
1528 2250 1569 2292 5.
1602 2241 1669 2290 Α.

234 2325 280 2362 et
317 2318 445 2360 Suid.
478 2318 650 2360 dicitur
686 2317 937 2360 Pitanaeus.
1026 2318 1116 2361 Ubi
1156 2333 1257 2361 cum
1298 2312 1436 2377 vulgo
1477 2319 1666 2381 legatur

235 2390 482 2448 Ματρέας,
530 2399 681 2437 tamen
714 2396 999 2451 conjecturae
1028 2395 1284 2454 Schweigh.
1319 2391 1522 2453 Μάτρων
1554 2412 1656 2441 cor-

232 2469 425 2526 rigentis
470 2482 607 2523 supra
651 2468 804 2510 studui
846 2470 947 2512 veri
994 2468 1342 2512 similitudinem
1390 2460 1652 2517 conciliare.

232 2542 391 2584 Pitana
430 2547 581 2583 autem
615 2548 683 2585 est
719 2543 935 2599 oppidum
976 2545 1025 2585 in
1055 2543 1208 2599 Mysia
1245 2547 1411 2600 situm„
1463 2546 1654 2590 Aeolen-

230 2618 348 2656 sium
379 2615 657 2672 adscriptum
688 2620 960 2665 civitatibus.
1007 2624 1063 2664 cf.
1097 2618 1266 2664 Herod.
1300 2620 1333 2664 Ι.
1368 2623 1467 2669 149.
1531 2622 1653 2679 Quo-

229 2691 378 2732 minus
409 2690 465 2734 de
494 2691 654 2741 Pitana
688 2692 916 2737 Laconica
944 2698 1216 2756 cogitemus,
1261 2696 1476 2754 prohibet
1504 2699 1652 2758 ipsum
