1771 3043
1458 272 1527 323 35

112 401 712 460 406=1aptissimoquadrat
739 402 827 445 ho‘c
855 415 964 446 cum*
985 406 1067 459 iis-‚-
1099 419 1212 461 quae
1242 403 1298 448 de
1325 410 1527 461 tempore

113 478 341 520 Matronis
372 479 471 519 erui
502 491 557 520 ex
579 470 838 518 memorato
865 477 1060 521 Euboeo.
1149 479 1251 522 Jam
1279 492 1390 523 vero
1421 494 1528 522 eun-

114 545 222 593 dein<
246 539 648 613 Chaerepbontex'q
674 550 922 604 parasitum
962 553 1023 591 in·
1041 552 1147 595 odio
1178 555 1434 596 habuerunt
1463 559 1528 595 et-

114 627 204 665 iam
246 639 389 667 novae
420 624 680 666 comoediae
718 632 905 681 poetae,
951 629 1005 666 cf.
1038 628 1198 668 Athen.
1222 628 1307 669 ‘VL
1348 643 1389 683 p.
1422 631 1526 672 243.

112 700 364 742 Menander
392 708 539 743 autem
571 714 686 742 cum·
711 702 920 742 floruerit
949 701 1070 741 circa
1102 704 1188 757 325
1220 714 1259 742 a.
1293 701 1397 744 Chr.
1447 703 1524 753 (cf.

112 774 284 815 Fabric.
310 773 381 815 -ΙΙ,
429 788 471 829 p.
501 771 657 825 .455.)·‚·
712 777 757 814 et
786 772 942 815 eodem
972 775 1068 814 fere
1098 779 1301 828 tempore
1330 775 1524 830 reliqui:

114 848 260 890 denuo
283 847 340 888 ad
361 846 562 891 eandem*
573 853 765 890 aetatem
786 845 1045 889 deferimur.
1108 847 1386 903 Quamquam
1407 850 1527 889 enim

112 935 255 964 novae
284 920 544 963 comoediae
578 920 664 962 hoc
694 922 840 976 ipsum
871 927 1011 974 esset,
1070 927 1123 963 ut
1160 922 1387 973 homines,
1448 924 1527 977 qui

111 998 337 1050 viverent,
369 1001 632 1052 personatos
657 1010 748 1037 non
772 996 1010 1038 irrideret:
1042 1002 1191 1037 tamen
1211 995 1525 1052 Chaerephon,

114 1076 214 1115 cum
253 1072 316 1111 in.
339 1071 438 1111 istis
477 1069 640 1110 fabulis
677 1083 768 1110 non
808 1070 903 1124 ipse
940 1071 1085 1127 egerit
1123 1083 1387 1124 personam,
1441 1069 1528 1116 ,sed

115 1146 264 1186 obiter
293 1149 466 1186 tantum
496 1144 556 1184 sit
585 1149 980 1195 commemoratus,
1022 1137 1358 1198 quin-aequalis
1388 1147 1528 1186 fuerit

116 1218 306 1259 istorum
334 1222 592 1273 poetarum.
636 1215 713 1255 nil-2
733 1213 946 1271 impedit,
994 1217 1169 1270 opinor.

230 1290 539 1334 Acceditalia
576 1303 672 1340 res,
731 1302 845 1343 quae
876 1290 1078 1342 quamvis
1116 1303 1206 1329 non
1239 1303 1291 1330 ea
1326 1291 1413 1342 sit,
1475 1305 1530 1331 ex

114 1378 201 1421 qua
225 1370 403 1407 certum
432 1367 743 1421 argumentum
776 1366 927 1416 petere
957 1362 1116 1413 liceat,
1176 1368 1219 1404 et
1251 1364 1349 1419 ipsa
1378 1370 1529 1407 tamen

115 1441 320 1483 conferre
362 1436 544 1479 videtur
588 1434 644 1475 ad
682 1434 988 1476 definiendam
1034 1435 1261 1479 Matronis
1320 1445 1524 1480 aetatem.

115 1513 169 1559 In
198 1512 423 1554 Matronis
463 1510 718 1561 carmine,²
752 1507 872 1564 quod
912 1514 978 1551 est
1016 1509 1134 1567 apud
1172 1512 1332 1554 Athen.
1365 1512 1443 1554 IV.
1483 1528 1525 1570 p.

53 1629 57 1639 s
119 1591 217 1633 134.
248 1602 289 1630 v.
310 1592 375 1633 3ο,
393 1592 437 1627 et
463 1590 561 1630 122.
589 1588 865 1624 memoratur
889 1581 1137 1626 Stratocles
1162 1586 1368 1640 quidam,
1399 1590 1526 1642 prio-

116 1675 166 1704 re
205 1662 309 1710 loco,
346 1665 526 1713 certans,
563 1670 664 1709 cum
690 1648 1059 1717 ,·1P1{0.M³t1·011e
1099 1657 1153 1699 de
1191 1661 1322 1701 mulli
1363 1663 1526 1716 capite,

116 1736 338 1778 adducens
370 1733 679 1775 meretriculas
709 1718 866 1772 altero.
955 1731 1212 1774 Matronem
1253 1736 1401 1792 igitur
1426 1749 1528 1777 cum

116 1812 239 1853 circa
278 1807 481 1864 Philippi
525 1811 570 1847 et
605 1801 852 1845 Alexandri
896 1809 1100 1861 tempora
1142 1808 1308 1850 vixisse
1347 1807 1530 1851 demon-

116 1886 354 1928 straverim
384 1897 438 1924 ex
466 1881 726 1922 memoratis
750 1880 931 1921 Euboeo
963 1887 1008 1921 et
1034 1879 1397 1941 Chaerephonte:
1438 1895 1537 1924 non·

116 1959 309 2006 absurda
338 1957 527 2001 videtur.
551 1970 643 1998 esse
673 1957 956 2010 conjectura,
1002 1954 1271 1999 Stratoclem
1303 1973 1397 2000 esse
1428 1973 1528 2001 eum

117 2043 344 2087 oratorem
375 2039 420 2074 et
448 2032 713 2087 sophistam,
745 2046 877 2088 quem
905 2033 1116 2089 Lycurgo
1147 2031 1529 2088 Demosthenique

115 2111 344 2167 aequalem
383 2107 583 2162 turpiter
619 2104 850 2146 adulatum
887 2119 980 2147 esse
1009 2105 1236 2162 Antigono
1276 2111 1410 2161 atque
1441 2108 1530 2149 De-

114 2186 288 2236 metriov
316 2179 467 2230 tradat
508 2178 734 2236 Plutarch.
776 2178 974 2220 Demetr.
1009 2183 1075 2223 11.
1102 2179 1150 2230 ¹).
1237 2178 1344 2220 Non
1381 2187 1532 2236 potest

113 2261 188 2308 vir
232 2272 258 2299 a
294 2256 510 2308 ¹Matrona
551 2238 830 2310 significatus
876 2254 974 2308 ipso
1020 2242 1205 2295 nomine
1244 2254 1365 2309 apud
1407 2258 1529 2299 cives

114 2338 295 2393 ignotus
324 2317 496 2372 'fuisse'
550 2326 640 2369 Sed
670 2326 845 2368 aceedit
874 2329 1017 2369 etiam·
1039 2326 1175 2369 aliud.
1252 2328 1319 2369 Ex
1349 2328 1525 2371 Ruhnk.

115 2407 421 2463 disputatione
451 2408 660 2458 apparet,
689 2400 960 2443 Stratoclem
989 2402 1059 2443 rei
1084 2402 1316 2444 Venereae
1345 2416 1528 2461 magno-

114 2495 220 2539 pere
259 2477 460 2521 deditum
504 2478 669 2529 fuisse,
722 2490 823 2518 cum
869 2491 1073 2528 amorum
1117 2478 1209 2530 ejus
1232 2483 1380 2519 -testes
1418 2478 1526 2519 satis

113 2555 250 2600 multi
279 2553 333 2594 ab
365 2566 430 2595 eo,
449 2554 708 2594 afferantur.
776 2552 923 2606 Atque
954 2553 1090 2593 etiam
1119 2550 1238 2606 apud
1267 2550 1527 2592 Matronem

160 2672 198 2715 1)
230 2670 290 2707 Cf.
315 2670 522 2708 Ruhnken.
550 2671 654 2708 Hist.
680 2669 770 2708 crit.
798 2671 868 2708 Or.
896 2670 966 2708 Gr.
1003 2682 1041 2717 p.
1066 2671 1150 2707 347.
1192 2669 1251 2704 ed.
1279 2667 1526 2707 Friedeman.

157 2738 162 2756 ⁵
219 2735 284 2782 (p.
310 2734 369 2771 32.
394 2734 443 2770 ad
468 2734 593 2770 Rutil.
619 2732 767 2781 Lupov
836 2740 839 2746 ¹

1204 2801 1258 2843 3*
