1771 3043
1454 197 1523 249 55

120 348 441 391 incubuerunt:
499 347 587 400 jam
616 341 921 401 quaerendum
949 344 1016 384 est
1029 371 1043 394 ,
1089 352 1176 397 quo
1207 352 1325 382 nexu
1353 344 1424 379 tot
1453 351 1525 379 res

119 430 297 479 tamque
319 421 523 466 diversae
549 418 924 479 philosophorum
953 430 1169 473 personae
1197 418 1319 457 inter
1346 427 1393 456 se
1422 427 1527 455 con-

120 498 261 551 juncti
297 498 478 539 fuerint.
568 495 666 548 Qua
695 491 750 534 de
778 507 828 534 re
857 492 1157 545 conjecturam
1188 490 1369 547 quidem
1400 489 1525 530 Paul.

122 585 163 626 p.
196 576 267 615 25.
308 569 546 626 proposuit
585 580 706 618 eam,
765 572 816 605 ut
844 566 1136 621 philosophos
1165 569 1352 607 fortasse
1382 568 1431 606 in
1463 567 1529 605 fa-

122 646 227 687 bula
266 643 457 700 quadam
496 647 696 685 versatos
737 654 855 694 esse,
913 641 986 683 vel
1024 656 1216 701 pugnam
1255 647 1531 687 commisisse

124 719 268 761 dicat:
299 718 377 759 sed
407 718 569 771 abjecit
598 717 692 771 ipse
723 721 899 771 postea,
929 716 1009 756 ubi
1038 717 1085 756 in
1116 719 1376 776 fragmentis
1404 720 1531 761 nulla

118 796 217 849 ejus
262 794 331 836 rei
375 793 566 850 vestigia
607 789 938 833 animadvertit.
983 790 991 804 “
1027 790 1141 833 Sunt
1179 799 1327 835 tamen
1345 824 1358 846 ‚
1418 809 1532 851 quae

125 869 426 921 conjecturam
457 865 512 908 de
541 866 656 906 inito
687 864 931 905 certamine
960 866 1248 919 confirment,
1293 874 1344 908 ut
1373 870 1531 928 fragm.

127 941 245 999 apud
276 941 414 984 Clem.
444 941 569 983 Alex.
600 939 765 982 Strom.
797 940 855 983 V.
901 955 943 997 p.
976 946 1075 986 550.
1107 943 1161 984 D.
1192 941 1315 997 Sylb.
1370 945 1533 987 >Euseb.

128 1019 283 1072 Praep.
315 1029 380 1058 ev.
409 1015 533 1056 XIV.
564 1029 608 1071 p.
635 1019 740 1060 763.
801 1015 933 1073 Diog.
965 1016 1044 1056 La.
1077 1015 1153 1056 IX.
1188 1021 1235 1067 1,
1268 1020 1333 1069 6.,
1379 1020 1539 1074 impri-

129 1093 214 1133 mis
244 1089 316 1143 id,
349 1088 469 1145 quod
499 1095 566 1130 est
593 1088 712 1143 apud
742 1088 930 1131 eundem
959 1088 1036 1131 IV.
1069 1093 1120 1142 6,
1150 1092 1222 1134 42.
1266 1092 1348 1132 ‘Ex
1378 1094 1538 1146 quibus

131 1180 223 1207 non
251 1166 348 1206 sine
379 1172 511 1205 causa
540 1163 755 1219 colligere
783 1163 899 1202 mihi
927 1162 1113 1216 videor,
1162 1179 1417 1207 sermonum
1448 1182 1544 1209 cer-

132 1246 282 1281 tamen
320 1239 577 1281 institutum
613 1250 707 1279 esse
743 1249 769 1278 a
809 1236 1092 1293 philosophis
1135 1239 1184 1279 in
1222 1247 1350 1295 parte
1386 1243 1544 1285 saltem

133 1317 352 1358 sillorum.
437 1314 596 1368 Neque
627 1313 803 1363 obstat,
855 1312 974 1368 quod
1004 1314 1135 1372 Diog.
1167 1316 1216 1355 in
1246 1317 1393 1371 primo
1424 1317 1544 1359 libro

136 1388 467 1444 αὐτοδιήγητον
494 1389 632 1430 fuisse
659 1385 742 1436 τὴν
772 1386 1002 1445 ἑρμηνείαν
1034 1390 1240 1432 Timonis
1272 1391 1445 1442 tradit3
1496 1393 1546 1435 id
1608 1416 1613 1420 ·

137 1466 256 1509 enim
287 1464 532 1522 opponitur
572 1466 749 1502 tantum
778 1460 1029 1520 dialogicae
1068 1470 1320 1506 ceterorum
1359 1468 1545 1510 formae.

139 1539 229 1582 Sed
272 1538 326 1581 de
371 1539 511 1579 totius
555 1537 705 1592 operis
746 1540 1074 1592 compositione
1123 1537 1229 1580 inde
1276 1540 1547 1583 concludere

136 1613 383 1670 quidquam
409 1624 595 1664 vereor,
760 1623 816 1665 pe
855 1625 1044 1669 gnarus,
1102 1627 1234 1667 quam
1273 1614 1450 1655 lubrica
1488 1618 1550 1657 sit

140 1687 311 1746 perditi
349 1686 499 1741 operis
536 1686 605 1725 ins
721 1730 723 1732 ,
763 1685 834 1738 ’0,
894 1692 938 1726 et
968 1700 1100 1741 quam
1129 1687 1263 1729 facile
1294 1701 1346 1729 eo
1378 1687 1553 1730 defera-

142 1777 258 1816 mur,
288 1765 354 1815 ut,
384 1774 497 1817 quae
526 1759 758 1816 potuerint
787 1760 910 1811 fieri,
943 1773 1098 1802 revera
1129 1762 1247 1801 facta
1277 1775 1368 1802 esse
1399 1764 1554 1803 existi-

142 1851 326 1880 memus.
365 1859 423 1867 —-
503 1834 622 1889 Quin
654 1834 701 1874 in
731 1833 835 1874 aliis
864 1835 1127 1891 fragmentis
1157 1837 1412 1891 perspicere
1442 1837 1555 1877 mihi

143 1915 305 1958 videor
334 1917 563 1954 caementa
587 1909 728 1964 quasi,
761 1908 921 1963 quibus
950 1910 1232 1966 singulorum
1261 1912 1555 1968 philosopho-

145 2005 245 2035 rum
270 1988 435 2044 placita
456 1983 845 2041 conglutinaverit.
900 1982 1137 2024 >Nonnulla
1161 1985 1280 2025 enim
1305 1987 1555 2044 frag-menta

148 2064 373 2119 incipiunt
396 2074 421 2101 a
441 2058 776 2114 comparatione
795 2054 1135 2112 praecedentem
1161 2059 1282 2099 inter
1304 2065 1350 2100 et
1368 2074 1554 2115 sequen-

148 2147 240 2181 tem
269 2133 588 2193 philosophum
617 2131 852 2182 instituta,
906 2137 958 2171 ut
987 2133 1238 2188 fragmenta
1267 2132 1386 2188 apud
1414 2134 1550 2191 Diog.

149 2212 294 2255 La,'1.
330 2215 382 2262 1,
413 2212 484 2254 34.
529 2206 606 2248 IX.
637 2211 691 2260 7,
722 2209 793 2252 40.
842 2206 896 2247 II.
930 2210 982 2258 8,
1013 2209 1085 2250 66.
1146 2204 1267 2247 Sext.
1299 2208 1420 2263 Emp.
1454 2208 1553 2251 adv.

150 2289 296 2332 Math.
320 2285 399 2329 IX.
418 2289 486 2331 57.
516 2281 583 2325 ed.
604 2283 774 2324 Fabric.
794 2282 948 2324 Euseb.
972 2282 1127 2337 Praep.
1160 2296 1225 2323 ev.
1239 2280 1360 2323 XIV.
1394 2297 1435 2339 p.
1452 2286 1555 2328 761.

149 2365 202 2405 In
243 2362 405 2418 quibus
445 2359 712 2415 compositio
750 2358 911 2399 similis
951 2355 1133 2400 videtur
1169 2370 1263 2398 esse
1300 2358 1413 2410 ejus,
1472 2372 1560 2412 qua

151 2436 378 2481 Hesiodus
421 2437 468 2477 in
497 2434 628 2476 Eoeis
658 2433 895 2474 transitum
935 2434 1023 2475 sibi
1063 2435 1242 2490 paravit
1279 2447 1305 2474 a
1335 2431 1561 2490 descripta

152 2513 342 2555 heroina
371 2523 461 2551 una
490 2508 547 2550 ad
578 2507 915 2558 describendam
946 2510 1093 2550 aliam.

269 2586 322 2628 In
351 2582 547 2627 secundo
578 2588 624 2626 et
652 2585 790 2626 tertio
821 2584 1029 2625 sillorum
1060 2584 1179 2625 libro
1211 2583 1380 2625 Timon
1419 2581 1563 2625 dialo-

153 2664 254 2721 gica
282 2660 501 2704 sermonis
531 2662 677 2701 fo‘rma
706 2662 841 2702 facile
879 2661 1122 2716 prohibere
1152 2660 1332 2714 potuit,
1391 2660 1565 2713 quomi-
