1771 3043
1482 210 1553 268 41

144 352 553 408 partemvoeantur'
579 352 677 395 mm
697 352 851 405 Zeus,
908 350 1155 405 Poseidon,
1212 350 1404 408 Apollo,
1438 351 1555 394 ·He-

142 425 386 482 pinnatus,-
406 426 640 481 Demeter,
670 427 896 481 Dionysus
911 456 925 479 ,
955 425 1143 478 Thetis,
1176 425 1285 478 Iris,
1318 424 1427 475 alii3
1456 431 1555 468 tum

142 498 330 553 Tityus,
359 499 610 555 Astyanax,
639 500 866 552 Antenor,
903 499 1026 554 Ajax.
1086 497 1163 541 Uti
1188 504 1317 541 tanta
1348 497 1554 541 Coelico-

142 572 288 614 larum
309 573 575 623 „multitudo
599 576 682 618 *vix
701 575 910 616 fortuito
944 574 1000 614 -in
1037 583 1176 616 unum
1205 560 1385 618 earmen
1415 572 1554 630 idque

141 646 251 687 satis
280 648 490 706 exiguum
519 654 674 691 coacta
704 654 792 691 est=
817 634 895 691 -ita
925 646 1181 691 divinarum
1210 663 1362 691 rerum
1393 639 1551 691 irrisio

141 721 270 773 talis,
329 724 474 778 qualis
507 730 604 766 toto
632 732 840 780 poemate
866 728 1122 781 profertur,
1179 738 1271 766 non
1300 723 1423 766 cadit
1460 725 1551 766 nisi

142 796 191 837 in
218 801 410 844 aetatem
438 811 464 840 a
499 799 648 854 prisca
675 799 900 858 religione
926 799 1188 859 longissime
1218 797 1547 841 abhorrentem.

604 1027 872 1125 CAWT
919 1027 1084 1087 vm.

524 1138 838 1220 Eunones·
902 1137 1163 1189 PARJUS.

159 1337 173 1353 -.
204 1352 206 1354 .
253 1315 456 1373 Philippi
493 1314 795 1358 Macedonum
836 1317 957 1374 regis
993 1321 1140 1358 aetate
1186 1317 1307 1359 inter
1354 1319 1550 1375 parodos

140 1392 332 1435 maxime
361 1394 518 1435 floruit
544 1391 750 1434 Euboeus
778 1391 950 1433 Parius.
991 1393 1044 1433 cf.
1069 1391 1229 1434 Athen.
1253 1392 1352 1436 XV.
1384 1410 1426 1451 p.
1445 1399 1546 1442 698.

138 1466 191 1509 A.
249 1466 310 1509 At
335 1468 431 1526 vita
462 1467 553 1521 ejus
587 1480 772 1524 prorsus
801 1467 967 1524 ignota.
1026 1466 1117 1507 Lil.
1149 1466 1329 1523 quidem
1360 1468 1547 1525 Gyrald.

140 1540 196 1584 de
225 1542 366 1585 Poett.
398 1541 510 1584 hist.-
538 1541 595 1583 ΙΙ.
632 1555 675 1598 p.
707 1542 809 1586 488.
831 1538 984 1581 *tradit
1013 1539 1301 1583 historiolam
1330 1543 1419 1586 huc
1449 1558 1549 1602 spe-

140 1622 357 1670 ctantem,
388 1629 520 1673 quam
550 1616 805 1675 germanice
833 1611 1035 1655 reddidit
1064 1613 1234 1658 Moser.
1265 1618 1295 1658 l.
1330 1618 1357 1659 Ι.
1388 1624 1546 1675 p.301.

139 1691 392 1744 Euboeam,
444 1704 582 1748 quum
610 1690 716 1732 urbi
742 1689 1021 1730 Athenai-um
1042 1690 1375 1746 maledixisset,
1425 1701 1471 1737 et
1500 1697 1550 1737 in

140 1780 240 1809 eum
272 1765 375 1809 ideo
399 1766 692 1809 Athenienses
721 1770 868 1807 essent
895 1762 1276 1821 animadversuri,
1307 1770 1433 1811 nulla
1458 1771 1551 1814 alia

140 1854 192 1883 re
220 1841 459 1882 liberatum
490 1853 584 1896 esse
598 1869 612 1892 ,
668 1839 760 1879 nisi
800 1840 1005 1880 recitatis
1035 1846 1231 1894 quatuor
1257 1842 1552 1897 parodiamm

139 1915 294 1968 libris,
325 1916 404 1971 qui
432 1912 544 1956 adeo
573 1912 754 1970 probati
783 1917 930 1954 essent
958 1913 1188 1967 omnibus,
1214 1922 1277 1975 ,ιιι
1305 1917 1551 1972 Athenien-

139 2004 208 2032 ses
237 1992 326 2046 ipsi
355 1988 594 2047 indignum
623 1987 881 2039 duxissent,
925 1988 1084 2027 talium
1113 1996 1366 2042 poematum
1395 2000 1550 2035 aucto-

139 2079 235 2108 rem
268 2062 470 2122 perdere.
559 2062 648 2107 Sed
678 2076 779 2105 cum
806 2075 950 2119 neque
978 2060 1203 2118 Gyraldus
1233 2064 1363 2120 hujus
1392 2082 1550 2113 narra-

140 2142 280 2184 tionis
309 2146 549 2182 auctorem.
565 2140 726 2180 afferat
741 2169 754 2192 ,
810 2150 952 2192 neque
982 2130 1078 2193 ipse
1108 2138 1383 2183 invenerim:
1443 2150 1549 2187 nata

141 2216 257 2257 mihi
285 2221 353 2258 est
380 2214 592 2270 suspicio,
623 2225 728 2252 num
757 2212 877 2252 forte
907 2216 1003 2251 tota
1031 2210 1141 2253 haec
1171 2212 1411 2257 historiola
1429 2232 1549 2261 com-

139 2293 287 2345 posita
317 2291 379 2332 sit
407 2302 434 2329 a
461 2284 661 2341 Gyraldo
691 2285 898 2339 (Mosero
927 2285 1049 2325 enim
1079 2288 1225 2341 ipsum
1252 2289 1425 2331 Lilium
1455 2306 1549 2336 esse

138 2379 221 2421 pro
251 2367 375 2406 fonte
405 2367 618 2419 apparet,
648 2374 915 2417 quamquam
943 2361 1040 2416 ipse
1069 2361 1348 2405 Athenaeum
1378 2364 1549 2423 laudat)

139 2452 195 2480 ex
223 2441 280 2480 iis
307 2439 487 2488 verbis,
518 2449 631 2496 quae
659 2442 764 2478 sunt
791 2435 911 2492 apud
938 2436 1098 2478 Athen.
1119 2435 1221 2478 XV.
1253 2441 1410 2493 p.698.
1427 2441 1475 2483 B.
1497 2445 1548 2494 1).

186 2564 224 2610 l)
256 2558 371 2601 Οὗτός
395 2562 494 2600 ἔστιν
531 2560 554 2600 ὅ
587 2569 648 2601 καὶ
671 2560 895 2610 Ἀθηναίοις
927 2562 1256 2614 λοιδορησάμενος,
1303 2572 1366 2605 καὶ
1397 2569 1553 2615 σώζεται

254 2624 369 2663 αὗτοῦ
390 2626 467 2663 τῶν
488 2622 687 2676 παρῳδιῶν
708 2626 837 2676 βιβλία
859 2630 1030 2676 τέσσαρα,
1078 2630 1123 2666 ln
1149 2631 1291 2677 quibus
1314 2634 1554 2674 Athenarum

253 2693 410 2738 quidem
436 2693 661 2740 objurgatio
685 2700 765 2740 est,
789 2693 858 2732 sed
882 2695 943 2733 nil
966 2696 1016 2733 de
1040 2694 1213 2733 liberato
1236 2705 1365 2746 poeta.
1411 2699 1555 2748 Conie-
