1771 3043
207 221 282 273 ss

196 332 300 411 ¹est,
343 363 538 415 tit-quae
556 355 616 396 {in
641 364 707 416 eo>
727 354 929 397 carmine·
955 361 1165 411 qvecteot
1187 354 1248 399 ad
1274 355 1492 414 Boeotum
1521 368 1625 415 par·-

208 430 374 486 od'um,
432 441 485 473 ea
525 423 649 472 haud
696 430 763 471 ita
802 430 976 488 magnis
1023 428 1243 486 impedita
1283 429 1624 474 difficultatibus

208 506 316 549 inde
346 518 585 561 excerpere
614 505 836 560 posqimus
859 504 906 558 ¹).
975 504 1163 547 Etiamsi
1192 505 1314 562 enim
1342 518 1435 547 non
1469 519 1623 549 omnes

207 583 491 636 interpretes*
512 577 569 621 de
597 579 880 638 singulorum
903 579 1146 624 verborum
1175 569 1487 622 emendatione
1516 593 1622 623 con-

108 674 125 681 *
204 656 428 698 sentiant:
487 659 637 695 tamen
675 665 819 707 neque
858 651 988 705 hujus
1029 652 1121 693 loci
1151 659 1218 693 est
1247 652 1441 708 amplius
1477 650 1532 694 de
1561 654 1620 695 iis

204 728 466 784 disputare,
526 733 572 769 et
603 725 846 783 sententias
884 725 933 765 in
962 727 1223 767 universum
1252 727 1497 768 effecerunt
1512 740 1621 774 ¹mis-
1665 763 1674 773 ,

202 801 320 844 dem.
395 799 639 843 Fatendum
659 790 850 855 *quidem
881 804 968 852 est,
986 842 989 845 ,
1008 796 1154 854 ipsum
1184 800 1345 846 Boeoti
1373 814 1537 844 nomen
1567 800 1618 842 in

201 876 291 918 hoc
320 877 519 916 carmine
555 886 680 915 mera
710 871 969 924 conjectura
999 869 1254 933 Casauboni
1282 875 1370 915 niti
1398 888 1483 931 pro
1513 876 1617 915 Βοι-

201 948 346 999 ωτοὺς
379 963 421 992 v.
453 952 493 995 9.
540 947 730 1006 legentis
763 949 982 989 Βοιωτοῦ.
1073 947 1133 1006 Ait
1170 954 1238 991 est
1267 962 1321 990 ea
1358 950 1615 1004 conjectura

198 1031 245 1069 et
273 1024 463 1081 probata
492 1023 722 1075 omnibus,
769 1028 814 1064 et
843 1021 1119 1077 probabilis,
1163 1023 1204 1068 si
1234 1036 1321 1078 qua
1350 1024 1455 1065 alia.
1486 1010 1489 1012 ,
1529 1023 1614 1065 Po-

197 1100 316 1142 lemo
346 1100 468 1140 enim
511 1098 561 1138 in
600 1097 701 1152 ipso
743 1093 800 1137 de
827 1093 1121 1153 parodiarum
1150 1097 1448 1153 scriptoribus
1477 1110 1614 1154 opere

197 1188 300 1216 cum
328 1178 434 1230 post
461 1172 901 1220 memoratosmodo
931 1172 1160 1215 Euboeam
1181 1172 1487 1228 Boeotumque
1516 1172 1613 1213 lau-

198 1247 329 1290 daret
358 1248 608 1305 elegiacum
639 1258 819 1287 carmen
848 1243 1094 1287 Alexandri
1120 1245 1295 1298 Aetoli,
1355 1259 1442 1302 quo
1475 1246 1612 1288 etiam

194 1317 314 1381 ahud
343 1322 521 1364 Siculos
559 1319 755 1375 parodos
795 1321 906 1361 istos
935 1321 984 1361 in
1015 1319 1233 1380 dignitate
1261 1322 1397 1363 fuisse
1428 1319 1611 1363 demon-

191 1404 381 1441 straret:
443 1397 492 1436 in
537 1409 590 1437 eo
631 1408 722 1436 non
752 1394 946 1437 Boeotos
985 1395 1171 1436 minime
1200 1394 1296 1443 huc,
1317 1396 1608 1452 pertinentes,
1682 1418 1692 1428 κ

191 1472 270 1516 sed
299 1472 517 1514 Boeotum
557 1467 780 1525 parodum
809 1470 1155 1510 commemorari
1197 1475 1277 1511 tuo
1317 1470 1417 1524 jure
1454 1483 1608 1527 exspe-

189 1554 296 1591 ctas.
358 1544 567 1589 Ceterum
598 1544 813 1603 contigit,
843 1549 896 1586 ut
925 1545 974 1585 in
995 1545 1196 1587 carmine
1225 1546 1336 1599 isto,
1367 1558 1481 1602 quae
1505 1559 1608 1603 per-

188 1624 336 1664 tinent
362 1619 419 1662 ad
452 1619 611 1661 Boeoti
639 1619 803 1672 vitamz,
843 1631 1015 1670 murce,
1045 1620 1241 1674 scripta,
1272 1632 1325 1662 ea
1354 1622 1506 1661 omnia
1535 1633 1606 1662 re-

186 1696 336 1753 perias
365 1697 636 1735 memorata:
696 1689 745 1731 id
784 1688 907 1746 quod
943 1690 992 1731 in
1022 1691 1303 1748 epitaphium
1333 1694 1504 1751 optime
1532 1707 1605 1738 ca-

188 1771 270 1815 dit.
358 1770 559 1825 Apparet
600 1773 711 1809 vero
738 1765 972 1809 Boeotum>
995 1766 1051 1808 ab
1080 1767 1357 1826 Agathocle,
1415 1768 1603 1813 Siciliae

185 1853 381 1901 tyranno
404 1872 418 1895 ,
476 1842 627 1898 patria
669 1842 782 1883 urbe
821 1839 1108 1896 (Syracusis,
1167 1843 1241 1884 vel
1279 1843 1370 1885 alia
1409 1836 1600 1901 quadam

182 1922 297 1964 urbe
339 1917 515 1970 Sicula)
558 1918 771 1970 ejectum,
799 1964 808 1966 „
832 1918 1022 1959 multum
1062 1915 1228 1974 diuque
1267 1918 1385 1975 apud
1422 1926 1599 1964 exteros

179 2001 416 2055 vagatum,
456 1993 505 2032 in
535 1993 739 2051 Aegypto
770 1989 980 2045 demum,
1015 1998 1067 2033 ut
1095 1996 1350 2052 suspicatur
1379 1995 1594 2052 Capellm.

179 2087 222 2128 p.
253 2074 337 2123 39,
395 2081 490 2110 esse
533 2067 768 2123 sepultum.
859 2066 927 2109 Ita
968 2068 1261 2110 confirmatur
1298 2071 1435 2128 etiam
1464 2071 1595 2125 illud,

180 2143 300 2202 quod
331 2158 384 2186 ex
414 2143 618 2191 ratione,
678 2155 764 2198 qua
793 2142 976 2184 Polemo
1017 2144 1047 2185 l.
1080 2144 1109 2184 l.
1150 2143 1379 2186 Euboeam
1409 2152 1455 2187 et
1483 2147 1595 2188 Boe-

179 2226 306 2261 otum
335 2222 680 2268 commemorat,
737 2231 828 2258 non
857 2219 955 2260 sine
982 2219 1082 2262 veri
1112 2219 1260 2275 specie
1290 2225 1436 2276 potest
1452 2196 1594 2263 xcolli-

176 2297 275 2355 gi„
304 2298 545 2346 utrumque
583 2290 1001 2348 parodum,.eodem
1031 2295 1127 2342 fere
1170 2299 1375 2349 tempore
1411 2295 1589 2337 vixisse.

177 2367 368 2413 Generis
419 2364 693 2418 nobilitate,
731 2365 1062 2423 'hospitalitate
1087 2398 1100 2421 ,
1154 2368 1345 2428 ingenio
1399 2366 1592 2428 denique

174 2442 399 2486 excellens
428 2440 718 2482 vehementer
758 2440 875 2482 idem
917 2456 1162 2497 puerorum
1200 2445 1347 2483 amori
1383 2444 1586 2488 indulsit.

217 2580 254 2621 l)
287 2577 453 2613 Praeter
477 2574 668 2612 Athenaei
695 2572 935 2623 interpretes
961 2572 1196 2611 emendando
1221 2574 1588 2625 interpretandoque

286 2640 378 2676 huic
405 2638 564 2675 carmini
590 2651 748 2687 operam
779 2642 971 2678 dederunt
996 2641 1153 2678 Jacobs.
1180 2639 1480 2682 Animadvvsad
1504 2645 1587 2683 An..

286 2704 383 2743 thol.
411 2704 443 2742 1.
471 2704 523 2740 11.
548 2704 691 2753 p.244,
719 2711 760 2743 et
785 2691 1050 2755 Capellmann.
1076 2704 1149 2742 1.1.
1176 2716 1212 2752 p.
1229 2706 1276 2743 62
1299 2715 1386 2753 sqq.
