1771 3043
553 291 588 313 η
1432 190 1523 268 ειχ

97 359 197 388 mm
227 345 354 388 notio
384 347 483 389 erui
511 346 668 403 possit
682 357 739 387 ex
764 347 1051 404 fragmentis,
1103 360 1218 403 quae
1245 355 1501 404 supersunt,

92 421 360 478 praesertim
389 436 490 464 cum
520 426 565 465 et
606 434 662 463 ex
696 419 904 463 mnibus
932 419 1159 465 radicibus
1190 421 1348 466 eadem
1375 424 1527 466 vocis»

95 495 365 553 significatio
395 497 602 550 exsistat,
640 499 687 538 e't
715 493 873 538 eodem
900 495 1244 540 modwverhum
1272 498 1501 554 explicue-

95 570 191 611 rint
240 583 393 613 omnes
446 578 620 614 veteres
676 572 1000 631 lexicographi.
1103 570 1500 633 sillographorum

94 655 258 684 nomen
283 643 446 696 tribuit
473 644 596 686 Paul.
625 658 668 701 p.
692 647 762 691 14.
790 644 913 688 hisce
940 646 1113 703 poetis:
1150 646 1379 702 Homero,
1408 645 1500 688 Xe-

95 715 319 772 nophani,
357 709 567 771 Timoni,
610 717 808 773 Didymo
837 718 1146 762 Chalcentero.
1233 720 1372 777 Atqui
1400 722 1497 763 Ho-

92 786 218 832 mer'o
240 790 369 832 Paul.
398 793 590 834 nimium
617 792 782 834 tribuit
808 792 1022 847 honoris,
1070 795 1194 837 inter
1220 795 1341 852 ipsos
1369 796 1499 837 sillo-

91 864 288 922 graphos
326 868 552 909 recenseri
586 881 688 909 eum
728 867 784 908 ab
813 866 1012 908 Eustath.
1044 866 1210 910 dicens.
1301 869 1345 912 Is
1375 870 1498 911 enim

90 953 133 995 p.
175 941 262 984 204
277 969 292 992 ,
331 943 404 985 22.
448 939 559 982 haec
603 941 738 983 habet
760 956 773 983 ε
834 940 888 980 οὐ
933 938 1073 994 μόνον
1112 940 1375 996 Ξενοφάνης
1417 956 1497 984 πε-

93 1011 253 1059 ποίηκε
283 1011 497 1066 σίλλους,
537 1011 583 1052 ἐν
611 1011 681 1061 οἷς
711 1010 1018 1068 εὐδοκίμηκεν,
1058 1014 1185 1055 ἀλλὰ
1214 1015 1293 1056 καὶ
1320 1013 1496 1056 τούτου

89 1088 180 1127 τοῦ
207 1085 356 1136 εἴδους
382 1090 562 1143 πρῶτος
589 1087 805 1142 κατῆρξεν
826 1085 1047 1145 ”Ομηρος,
1100 1089 1146 1131 ἐν
1174 1089 1247 1140 οἷς
1274 1088 1416 1141 αὐτός
1442 1105 1497 1132 τε

89 1157 176 1202 τὸν
205 1159 430 1217 Θερσίτην
457 1159 724 1211 σιλλαίνει,
782 1160 863 1202 καὶ
897 1162 922 1202 ὁ
954 1161 1175 1220 Θερσίτης
1210 1163 1323 1215 τοὺς
1361 1165 1496 1220 βασι-

91 1239 186 1287 λεῖς
206 1240 258 1292 ¹).
317 1238 473 1294 Itaque
499 1250 632 1299 spero
660 1240 784 1291 fore,
823 1243 878 1279 ut
904 1239 1164 1296 ignoscatur
1190 1241 1333 1293 mihi,
1372 1239 1415 1282 si
1441 1240 1498 1284 de

90 1314 298 1356 sillorum
326 1314 511 1354 notione
540 1325 675 1371 agens
705 1311 758 1352 ΙΙ.
789 1311 845 1353 11.
876 1316 980 1357 212.
1012 1313 1189 1364 omitto..
1246 1314 1316 1356 De
1344 1314 1496 1357 Xeno.
1556 1353 1562 1358 ,

89 1387 250 1443 phanis
279 1387 395 1429 sillis
424 1399 559 1443 supra
588 1385 686 1428 dixi
722 1400 765 1443 p.
798 1389 854 1433 16
881 1401 975 1443 sqq.
1034 1387 1095 1428 At
1122 1401 1180 1428 ne
1208 1401 1366 1430 eorum
1395 1390 1495 1444 qui-

90 1460 192 1504 dem
219 1461 361 1502 multa
388 1441 636 1519 fragmenta
663 1465 841 1501 servata
868 1465 984 1503 sunt.
1044 1459 1219 1502 Deinde
1247 1461 1372 1503 Paul.
1404 1464 1434 1504 l.
1451 1450 1491 1504 l.

89 1534 331 1590 Didymum
361 1534 704 1577 Chalcenterum
734 1539 939 1590 quartum
982 1536 1113 1590 ponit
1149 1536 1493 1594 sillographum‚

87 1609 166 1657 sed
194 1610 315 1651 nisus
344 1610 425 1651 ille
443 1606 623 1664 quidem
650 1621 741 1650 uno
764 1605 907 1648 Amm.
933 1606 1076 1650 Marc.
1101 1610 1218 1662 loco,
1248 1609 1393 1652 XXII.
1417 1615 1491 1666 16,

89 1699 179 1741 quo
195 1715 198 1719 -
217 1686 256 1726 is
283 1671 595 1742 ¹sillographos
633 1684 835 1725 imitatus
864 1683 1140 1738 vituperasse
1177 1684 1395 1740 quaedam
1424 1684 1493 1727 di-

88 1762 209 1802 citur
236 1760 286 1799 in
316 1757 547 1800 Ciceronis
576 1757 708 1798 libris
738 1755 793 1798 de
822 1757 1081 1813 republica,
1112 1759 1166 1798 cf.
1198 1757 1404 1800 Kuester.
1436 1758 1495 1801 ad

89 1832 215 1876 Suid.
255 1831 561 1889 Τράγκυλλος.
646 1830 690 1872 Is
726 1836 943 1887 quatenus
981 1831 1282 1889 sillographos
1321 1834 1494 1876 imitari

89 1908 293 1959 dicatur,
338 1912 494 1963 postea
523 1906 749 1961 explicare
778 1905 987 1947 conabor.
1057 1905 1185 1947 Patet
1213 1908 1380 1964 igitur,
1421 1922 1494 1950 so-

89 1984 183 2024 lum
211 1981 449 2023 Timonem
487 1993 580 2021 esse
616 1979 825 2021 relictum
844 2009 859 2033 ‚
918 1992 973 2021 ex
1003 1991 1114 2034 que,
1172 1992 1493 2037 nonnunquam

87 2054 363 2111 Xenophane
392 2054 442 2111 in
470 2054 688 2095 auxilium
708 2058 902 2105 vvocato,
952 2053 1149 2108 aliquam
1177 2054 1336 2098 saltem
1366 2055 1492 2097 sillo-

88 2145 188 2172 rum
219 2130 459 2188 imaginem
487 2129 630 2190 possis
660 2125 951 2179 adumbrare,
1007 2140 1106 2168 cum
1137 2129 1492 2186 fragmentorum

88 2211 192 2261 post
229 2202 441 2259 Stephan.
483 2208 529 2244 et
564 2199 758 2244 Brunck.
799 2200 1038 2259 collegerit
1075 2201 1199 2244 Paul.
1237 2201 1492 2245 multitudi-

88 2293 190 2320 nem
234 2279 343 2321 satis
386 2277 590 2332 amplam.
627 2314 629 2322 Α
686 2277 826 2333 Atqui
871 2276 910 2316 is
930 2304 944 2326 ,
1002 2278 1206 2331 quamvis
1250 2276 1493 2335 diligenter

88 2353 430 2409 perlustraverit
470 2351 645 2395 radices
687 2353 1009 2409 etymologicas
1033 2381 1046 2403 ‚
1105 2364 1132 2390 a
1167 2352 1327 2406 quibus
1367 2352 1492 2392 sillo-
1569 2351 1572 2355 ‘

88 2440 210 2468 rum⁴
235 2439 398 2468 nomen
444 2425 607 2467 ducere
654 2426 742 2467 ulli
762 2437 765 2441 ’
789 2424 987 2481 unquam
1031 2426 1079 2466 in
1125 2430 1317 2466 mentem
1349 2418 1492 2466 'vene-

84 2637 88 2642 '
131 2597 170 2638 l)
201 2596 286 2632 Nec
320 2595 409 2643 plus
433 2594 531 2652 dicit
563 2594 688 2631 schol.
712 2593 879 2632 Villois.
916 2596 963 2632 ad
989 2596 1098 2632 Hom.
1123 2596 1171 2632 11.
1204 2596 1254 2632 11.
1279 2597 1373 2633 212:
1421 2593 1493 2643 ἤδη

203 2658 243 2696 δὲ
267 2657 312 2697 οὗ
335 2656 537 2706 Ξενοφάνει
559 2657 638 2696 ἀλλ’
659 2658 810 2708 Ὁμήρῳ
833 2659 966 2710 πρώτῳ
989 2659 1101 2698 utum
1124 2664 1345 2707 πεποίηνται
