1771 3043
212 169 284 221 54

212 305 467 361 posteriore
494 310 696 358 tempore
724 305 814 345 vox
850 301 1061 344 latiorem
1095 302 1472 361 significationem
1499 315 1624 345 acoe-

212 378 284 434 pit
303 370 420 430 eam,
451 390 539 433 qua
568 378 617 427 in
642 376 903 437 universum
932 381 1111 419 notaret
1139 389 1319 418 carmen
1349 378 1623 430 irrisorium,-
1648 390 1665 414 ι

214 458 260 494 et
283 450 403 509 quod
433 465 513 493 nos
540 449 731 492 dicimus
761 450 1009 493 satiricum.
1060 449 1137 492 'Ita
1166 450 1494 493 intellexerunt
1511 465 1623 503 eam,

213 528 292 584 qui
321 526 376 568 ab
405 526 622 579 Homerov
641 524 747 567 inde
776 524 997 580 sissorum-
1015 524 1238 582 originem
1262 515 1515 581 .repetunt;>
1558 527 1625 566 ita

213 608 259 643 et
284 602 451 643 Julian.
483 600 595 656 Imp.
626 599 728 641 VII.
771 611 823 654 p,
845 602 949 642 207.
981 597 1323 652 σιλλογράφον,
1381 598 1460 653 qui
1494 583 1627 640 *mera

213 678 420 720 convicia
464 676 714 730 jaculatur,
773 686 1002 729 opponens
1046 674 1219 727 ποιητῇ
1232 700 1244 720 ,
1304 674 1384 728 qui
1422 687 1519 714 rem
1558 674 1626 713 ita

211 756 455 805 tractaret,
516 754 568 789 ut
597 747 842 806 delectaret
868 747 1004 788 etiam
1033 745 1243 805 leg-entes.
1331 747 1452 801 Quin
1489 732 1625 802 prosa
1663 746 1666 749 ’

212 827 419 868 oratione
456 824 626 881 scripta
662 821 1008 864 maledictorum
1052 802 1195 877 plena¹
1225 821 1354 864 sillos
1394 822 1628 873 nominata

211 914 306 944 esse
321 930 334 953 ,
393 894 528 957 supra
570 896 723 941 studui
762 895 1081 939 demonstret-e.
1169 895 1472 940 Posteriorem
1497 896 1624 939 vocis

209 991 340 1020 usum
379 980 673 1032 respexerunt
709 974 950 1031 etiamlii,
1011 987 1123 1029 quos
1152 976 1385 1030 propriam
1412 959 1623 1016 sillorum

211 1053 444 1094 notionem
475 1055 598 1091 recte
630 1043 887 1091 definivisse
916 1050 1118 1107 negavi..
1155 1079 1159 1086 .

328 1125 397 1168 De
427 1123 763 1181 compositione.
780 1122 1158 1165 Timonianorum
1185 1124 1394 1165 sillorum
1423 1129 1624 1176 externa,

211 1206 266 1241 ut
294 1201 360 1240 ita
390 1198 560 1249 dicam,
592 1195 840 1251 disputavit
868 1196 1002 1254 Diog.
1032 1197 1115 1238 La.
1146 1196 1329 1250 lx.·12,
1363 1202 1487 1247 111.3
1527 1198 1624 1241 val-

213 1273 358 1331 deque
388 1269 631 1313 dolendum
661 1274 752 1333 est,
804 1282 895 1310 non
925 1269 1078 1313 eadem
1109 1270 1345 1331 dilig-entia
1376 1273 1431 1315 ab
1460 1287 1514 1316 eo
1543 1272 1625 1316 do-

212 1349 335 1400 ceri,
388 1360 502 1402 quae
531 1343 774 1401 singularis
804 1356 960 1383 eorum
990 1346 1131 1387 fuerit
1168 1346 1343 1389 indoles
1382 1353 1520 1403 atque
1544 1362 1625 1389 na-

212 1429 315 1465 tura
345 1422 540 1463 interna.
600 1416 846 1471 sinerum,
885 1418 975 1471 ait,
1013 1425 1105 1473 tres
1130 1420 1242 1463 libri
1271 1428 1401 1464 erant
1422 1422 1481 1478 ¹),
1513 1437 1623 1479 quo-

209 1499 314 1539 rum
353 1497 525 1551 primus
568 1493 727 1533 habuit
767 1489 1096 1543 αὐτοδιήγητον
1132 1492 1216 1541 τὴν
1255 1494 1519 1549 ἑρμηνείαν,
1578 1504 1624 1540 et

213 1566 564 1626 μονοπρόςωπον
591 1564 675 1614 τὴν
702 1564 899 1614 ποίησιν.
983 1563 1111 1609 Haec
1144 1570 1283 1611 verba
1321 1571 1385 1612 ita
1422 1585 1517 1619 esse
1555 1573 1625 1613 in-

211 1643 480 1704 telligenda,
539 1648 592 1683 ut
630 1642 799 1684 Timon
839 1644 887 1683 in
926 1645 1074 1698 primo
1113 1632 1233 1685 libro
1273 1658 1327 1686 ex
1364 1659 1445 1686 sua
1482 1647 1623 1702 ipsius

213 1733 408 1776 persona
452 1718 604 1777 omnia
645 1716 888 1771 protulisse
928 1718 1142 1758 continua
1181 1719 1387 1761 oratione
1429 1717 1622 1774 dicatur,

215 1809 272 1836 ex
301 1806 353 1835 eo
384 1791 672 1847 perspicitur,
705 1786 824 1843 quod
854 1785 910 1829 de
939 1789 1218 1844 reliquorum
1249 1792 1471 1835 librorum
1502 1808 1623 1836 com-

212 1868 441 1925 positione
483 1864 712 1916 subjunxit
751 1862 881 1920 Diog.
970 1861 1022 1919 In
1061 1864 1222 1919 quibus
1261 1863 1377 1907 dixit
1420 1868 1486 1910 ita
1528 1883 1624 1911 rem

214 1934 587 1984 institutam*esse
617 1951 644 1978 a
662 1937 878 1989 Timone,
915 1943 974 1980 ut·
995 1939 1092 1994 ipse
1120 1953 1203 1995 per
1232 1939 1500 1997 dialogicam
1531 1945 1623 1985 for-

212 2030 332 2073 mam
379 2028 403 2056 e
444 2012 723 2069 Xenophane
761 2006 1046 2068 Colophonio
1093 2027 1295 2071 quaeque
1344 2006 1621 2071 quaesiisset,

214 2092 294 2134 ille
321 2095 431 2134 vero
462 2088 550 2145 ipsi
580 2086 896 2143 respondisset.
966 2088 1236 2145 Xenopliani
1265 2095 1413 2132 autem
1439 2093 1623 2146 potissi-

213 2148 335 2208 mum
375 2162 423 2204 id
463 2176 622 2204 munus
660 2161 905 2214 injunxisse
939 2162 1123 2212 videtur
1151 2148 1351 2218 Timon,
1411 2165 1624 2219 quoniam

212 2241 293 2284 ille
333 2245 379 2281 et
423 2239 518 2293 ipse
559 2237 687 2287 sillos
725 2238 978 2293 composuit
1019 2235 1094 2289 ad,
1121 2235 1395 2279 traducenda
1432 2237 1625 2285 Homeri

212 2310 495 2367 Hesiodique
548 2308 758 2368 dogmata
809 2309 1128 2368 mythologica.
1219 2309 1426 2351 Timonis
1475 2317 1623 2354 autem

212 2389 309 2432 silli
348 2400 451 2429 cum
490 2387 585 2426 fere
623 2385 775 2425 omnes
815 2386 1121 2442 perstringant
1154 2384 1190 2436 2)
1212 2414 1225 2436 ,
1284 2385 1361 2439 qui
1401 2399 1426 2425 a
1464 2387 1623 2441 primis

212 2461 318 2506 inde
357 2461 505 2503 initiis
545 2456 603 2500 ad
643 2459 783 2515 ipsius
812 2472 952 2514 usque
980 2464 1184 2515 tempora
1213 2460 1262 2500 in
1290 2458 1625 2516 philosophiam

260 2579 296 2620 1)
328 2578 391 2614 Cf.
417 2574 559 2613 Suidas
585 2585 617 2610 s.
643 2585 676 2609 v.
707 2573 845 2619 Τίμων.

259 2644 309 2684 2)
325 2640 445 2689 Diog.
471 2639 541 2677 La.
565 2640 638 2676 lx,
662 2640 721 2684 12,
745 2639 826 2675 111.
851 2633 993 2674 πάντας
1015 2633 1177 2686 λοιδορεῖ
1196 2634 1282 2673 iov'c
1304 2634 1559 2685 δογματιαῦς.
