1771 3043
242 166 312 218 ³2

246 301 323 343 rit·
341 299 379 355 ¹)
398 316 409 343 ε
454 306 619 341 tamen
657 297 936 342 distinctamvx
954 282 1088 352 lidius
1105 310 1109 317 ·
1129 300 1315 354 poeseos
1333 324 1336 327 -
1356 295 1664 343 definitionem

246 387 338 416 non
378 374 628 430 proposuit.
720 372 863 427 Quam
907 373 948 414 si
993 369 1211 414 n‘bnnulliss
1245 372 1319 422 (cf.
1353 370 1541 413 Casa‘ub.
1569 369 1661 412 Sat.

246 447 323 489 Po.
364 461 407 504 p.
437 450 542 493 219.
575 446 750 501 Ramb.)
787 446 1038 490 voluerunt>
1062 444 1251 488 definire
1286 444 1373 487 hoc
1392 443 1573 498 -modo,
1611 449 1665 486 ut
1727 460 1737 474 ν

248 523 375 563 sillos
408 536 502 564 esse
530 520 738 564 dicerent
756 522 1016 565 .maledicta
1044 535 1146 563 cum
1167 521 1298 561 risu:
1352 523 1666 574 spectaverunt

249 595 287 634 ii
315 577 452 635 ruodo
483 608 556 636 res
585 595 703 637 sillis
731 601 945 637 tractatas
977 595 1264 650 (quamquam
1293 606 1350 635 ne
1382 592 1462 633 has
1484 589 1666 647 quidem

249 670 376 710 omni
418 683 475 711 ex
519 670 714 725 parte),
774 670 1051 728 negligentes
1085 669 1283 711 omnino
1324 666 1665 722 compositionis

249 743 501 796 rationem,
544 756 658 799 quae
688 741 746 784 ad
774 742 1035 786 efficiendos
1065 743 1194 785 sillos
1223 742 1462 784 accesserit
1490 752 1666 782 necesse

250 822 319 857 est
339 816 388 869 ²).
452 816 540 871 Qui
570 817 691 857 enim
720 818 890 877 factum
920 823 1014 870 est.
1053 823 1106 864 ut
1133 830 1235 858 cum
1267 816 1402 858 multi
1430 820 1588 871 poetae
1616 815 1667 855 in

252 889 491 932 hominum
519 891 635 932 vitia
668 885 934 945 erroresque
971 890 1146 933 acerbis
1186 889 1459 932 carminibus
1498 889 1666 939 invecti

251 969 426 1015 essent,
486 962 576 1004 duo
612 969 788 1005 tantum
826 962 900 1004 vel
938 968 1031 1004 tres
1070 962 1453 1022 sillographorum
1484 963 1665 1003 nomine

252 1036 618 1095 insignirentur?
678 1036 835 1092 Ijaque
865 1048 956 1077 non
986 1037 1037 1076 in
1064 1038 1215 1078 omnia
1245 1037 1447 1077 carmina
1474 1025 1664 1077 ridendo

250 1112 522 1170 castigantia
551 1110 674 1154 cadit
702 1111 913 1151 sillorum
942 1124 1127 1152 nomen:
1169 1109 1247 1163 sed
1276 1124 1328 1152 ea
1356 1110 1514 1163 modo,
1552 1124 1665 1167 quae

253 1184 304 1225 in
345 1184 582 1229 hominum
611 1184 821 1243 dogmata
861 1186 954 1227 sive
976 1184 1294 1241 .mythologica
1331 1185 1427 1227 sive
1465 1184 1667 1239 philoso-

253 1257 391 1313 phica
420 1258 724 1312 invehantur,
779 1259 844 1299 ita
873 1245 1125 1309 nominari,
1183 1255 1346 1299 docent
1372 1256 1666 1313 Xenophanis

253 1330 551 1387 ,Timonisque
580 1333 674 1383 silli
695 1332 746 1386 3).
806 1331 983 1375 Deinde
1013 1331 1175 1373 horum
1203 1334 1471 1388 compositio
1502 1338 1569 1374 est
1596 1345 1665 1385 ea,

250 1410 304 1445 ut
334 1403 535 1449 dictione
563 1411 777 1460 utantur,
830 1406 870 1448 si
900 1416 992 1447 non
1021 1405 1230 1458 omnino,
1281 1420 1485 1464 magnam
1516 1413 1666 1450 tamen

253 1485 430 1535 partem
467 1479 683 1535 parodice
723 1493 779 1541 ex
819 1480 924 1522 aliis
961 1481 1136 1536 poetis,
1195 1481 1418 1537 imprimis
1448 1481 1666 1534 Homero,

255 1567 464 1609 expressa
485 1554 536 1608 ⁴).
633 1555 781 1611 Atque
811 1553 866 1597 de
896 1554 1112 1611 parodica
1141 1555 1348 1598 sillormn
1367 1559 1668 1613 ‘compositio-

253 1641 321 1670 nes
339 1630 379 1669 si
409 1630 509 1684 quis
539 1628 740 1681 dubitat,
801 1629 846 1670 ei
883 1630 1066 1683 profero
1103 1643 1187 1684 pro
1217 1631 1371 1672 multis
1408 1633 1512 1673 aliis
1547 1634 1669 1691 frag-

304 1773 341 1816 1)
374 1774 527 1810 Quibus
554 1774 670 1809 animi
696 1786 810 1813 causa
833 1776 934 1813 addo
961 1775 1025 1820 id,
1054 1776 1157 1821 quod
1182 1775 1264 1814 Lil.
1291 1775 1453 1823 Gyrald.
1477 1777 1666 1829 H·,P·⁴⁶·

376 1836 523 1882 refert,
559 1836 707 1882 fuisse,
741 1836 806 1883 qui
832 1848 963 1874 vocem
986 1834 1101 1874 σίλλος
1123 1848 1145 1873 a
1170 1837 1346 1889 Psyllis‘,
1384 1840 1532 1888 populo
1554 1841 1668 1878 Afri-

371 1913 490 1951 cano,
539 1902 629 1938 duci
657 1903 936 1940 existimarent.

301 1966 340 2008 2)
372 1966 479 2002 Idem
506 1966 609 2003 cadit
634 1966 675 2003 in
700 1954 969 2013 definitiones,
1003 1977 1097 2013 quas
1124 1972 1163 2002 et
1186 1965 1341 2002 matter.
1365 1966 1495 2017 Essay
1517 1976 1590 2007 etc.
1616 1969 1668 2007 11.

373 2043 410 2079 p.
435 2032 493 2069 18.
521 2039 562 2068 et
585 2031 667 2068 Lil.
695 2032 791 2081 Gyr.
817 2033 867 2070 11.
903 2044 941 2080 p.
955 2027 1016 2069 46.
1042 2038 1343 2079 proposuerunt.

302 2114 341 2156 3)
373 2111 482 2149 Suid.
513 2113 638 2158 Τίμων
666 2109 687 2147 ὅ
720 2109 870 2160 γράψας
892 2107 979 2148 τοῦς
1001 2108 1241 2158 καλουμένους
1271 2109 1429 2157 σίλλους,
1475 2100 1558 2159 ἦτοι
1589 2110 1668 2161 506-

375 2187 459 2224 γους
481 2174 555 2211 τοῖν
581 2174 789 2222 φιλοσόφων
811 2174 937 2223 βιβλία
957 2171 1001 2221 γ’.
1048 2174 1153 2210 Hinc
1177 2174 1242 2210 vel
1268 2174 1369 2211 illud
1396 2176 1669 2223 explicandum

375 2246 456 2283 est,
489 2240 592 2292 quod
617 2239 712 2275 Did.
740 2238 874 2274 Chalc.
901 2236 1106 2274 Ciceronis
1132 2237 1279 2285 placita
1302 2239 1353 2274 de
1375 2240 1580 2285 republica
1605 2253 1670 2279 re-

373 2298 618 2349 prehendens
651 2302 921 2350 sillographos
953 2300 1195 2350 potissimum
1221 2301 1543 2342 imitaridicimr
1569 2307 1671 2355 apud

372 2368 457 2403 Am.
484 2367 604 2404 Marc.
654 2367 703 2404 cs.
730 2376 848 2413 supra
872 2378 910 2413 p.
934 2367 993 2404 51.
1175 2365 1178 2370 ’
1507 2396 1512 2413 Υ.
1538 2396 1549 2408 ,
1618 2414 1620 2418 Ι

301 2432 338 2472 4)
369 2430 428 2468 Cf.
458 2429 613 2467 Sallier.
640 2430 829 2467 Discours
856 2437 929 2466 etc.
973 2441 1010 2477 p.
1036 2429 1118 2466 406.
1189 2429 1303 2467 Paul.
1340 2442 1376 2479 p.
1397 2433 1443 2471 28
1466 2444 1523 2480 sq.
1559 2446 1672 2472 unum

372 2497 593 2548 exemplum
618 2497 752 2541 affert,
788 2496 890 2542 quod
917 2508 968 2532 ex
994 2496 1179 2544 Hippone
1205 2497 1330 2532 Atheo
1356 2487 1558 2545 s‘nmserit,
1593 2506 1671 2536 tra-

371 2559 485 2606 gicos
512 2565 647 2608 poetas
674 2560 861 2597 imitatum
886 2568 975 2597 eum·
999 2571 1088 2597 esse
1115 2567 1219 2597 recte
1246 2572 1402 2609 negans.
1450 2563 1497 2601 P.
1521 2565 1567 2602 29
1588 2576 1672 2611 sqq.

375 2623 545 2670 collegit
568 2624 681 2663 locos
706 2626 871 2674 parodia
895 2637 947 2663 ex
973 2627 1150 2664 Homero·
1172 2637 1395 2675 expressos.
