1771 3043
223 213 294 265 41)

225 350 373 404 pinsit
394 348 497 402 kefi-
523 363 567 391 τ.
592 350 694 400 24,
727 346 826 400 92.)
844 361 857 388 τ
913 346 1053 389 etism
1082 345 1288 386 ¹alterum
1328 346 1646 403 fragmentum,

227 421 354 479 quod
381 421 768 481 apponiton‚ciboa
791 425 1023 473 recenset,
1059 416 1118 461 ad
1147 431 1246 461 enm
1273 418 1546 482 pertinuisse
1573 428 1649 458 ar·

227 497 404 551 bitror,
443 509 736 553 quamquam,
776 507 866 552 quo
896 494 998 536 loco
1029 490 1267 535 inserenda
1295 491 1411 543 sint,
1451 504 1543 532 non
1563 488 1648 532 :de-

229 572 355 614 finio.
445 571 571 627 Quae
605 576 713 615 sunt
754 575 938 628 praeter
981 559 1093 610 haec
1131 564 1476 624 Mati-onearum
1514 578 1647 620 paro-

232 643 411 688 diarum
452 647 706 704 fragmenta
751 640 870 699 apud
908 640 1071 687 Athen.
1096 671 1110 694 ,
1166 645 1220 681 ut
1260 637 1339 681 IV.
1389 651 1433 695 p.
1467 641 1566 683 183.
1594 637 1671 694 A.

231 717 332 761 XV.
373 733 417 775 p·
449 724 552 768 697.
584 721 628 763 F.
650 750 665 773 ,
722 733 774 761 ea
804 723 850 759 et
880 718 977 775 ipsa
1007 715 1065 760 ad
1092 715 1354 771 convivium
1379 713 1652 770 pertinuisse

234 792 541 838 demonstrari
584 809 675 837 non
712 800 872 857 potest.
964 792 1034 856 lta
1074 792 1159 834 etsi
1198 804 1290 832 nou
1324 792 1479 833 omnes
1520 789 1651 844 hujus
1739 846 1750 855 .

236 872 453 914 carminis
482 884 637 913 versus
662 870 836 922 servati
864 870 958 911 sint
972 898 986 921 ,
1044 874 1195 910 tamen
1231 866 1355 908 ultra
1391 865 1652 918 terminum,

237 958 370 999 quem
399 944 613 986 habemus
629 974 643 998 ,
687 958 779 986 non
810 941 1082 999 productum
1110 941 1249 982 fuisse
1279 939 1495 983 arbitror.

350 1016 441 1060 Sed
471 1019 562 1060 alia
591 1019 795 1075 quaestio
824 1022 949 1060 mota
976 1020 1068 1068 est,
1109 1027 1165 1057 ne
1195 1014 1277 1056 illa
1307 1011 1488 1071 quidem
1516 1014 1653 1056 silen-

237 1093 305 1135 tio
335 1093 452 1138 mihi
487 1091 829 1150 praetereunda.
921 1090 1125 1133 Osannus
1155 1090 1276 1132 enim
1304 1089 1433 1132 Anal.
1465 1088 1578 1133 Crit.
1609 1104 1654 1146 p.

237 1170 308 1211 74.
340 1167 453 1210 haec
483 1167 644 1210 habet:
704 1166 889 1210 »Athea
920 1164 979 1207 11.
1017 1163 1064 1220 p.
1093 1167 1164 1211 64.
1198 1164 1246 1207 C.
1276 1165 1317 1206 si
1346 1166 1522 1207 confers
1554 1178 1656 1206 cum

239 1241 321 1284 IV.
359 1254 405 1297 p.
440 1245 543 1288 134.
572 1242 621 1284 E.
655 1242 849 1298 aliisque
878 1241 1087 1293 collatis,
1133 1239 1358 1296 duplicem
1387 1239 1513 1283 vides
1546 1240 1658 1281 olim

242 1317 467 1358 exstitisse
502 1315 733 1358 Matronis
769 1316 1005 1373 parodiae
1025 1317 1210 1356 δεῖπνον
1245 1314 1392 1356 dictae
1432 1316 1658 1370 recensio-

241 1402 356 1431 nem.
362 1402 384 1427 «
448 1389 620 1445 Quibus
648 1390 756 1433 addi
785 1397 935 1448 potest
962 1390 1042 1433 IV.
1073 1404 1116 1446 p.
1136 1393 1235 1435 135.
1257 1387 1305 1431 C.
1337 1395 1383 1431 et
1411 1388 1490 1431 111.
1520 1403 1563 1445 p.
1580 1393 1654 1436 73.

240 1464 295 1506 D.
365 1464 421 1506 In
448 1471 643 1521 utroque
672 1468 792 1508 enim
809 1464 925 1507 'loco
954 1464 1094 1508 iidem
1123 1466 1219 1507 fere
1248 1476 1405 1507 versus
1432 1463 1657 1523 leguntur.

242 1538 334 1582 Sed
363 1541 624 1597 priusquam
639 1542 885 1593 carminis,
916 1540 1063 1597 qualis
1094 1545 1162 1581 est
1188 1538 1401 1596 parodia,
1431 1538 1660 1595 duplicem

243 1617 554 1658 recensionem
583 1617 721 1658 fuisse
751 1623 1031 1672 sssatuamus3·
1088 1616 1213 1656 omni
1250 1613 1386 1656 modo
1415 1613 1660 1657 videndum

244 1697 340 1742 est,
390 1704 458 1732 .an
497 1705 588 1733 non
626 1694 771 1748 possit
798 1705 872 1733 res
902 1691 994 1731 alio
1024 1687 1159 1730 modo
1190 1688 1408 1744 expediri.
1495 1690 1687 1746 Fabula*

246 1763 429 1820 quidem
464 1766 643 1807 scenica
680 1766 848 1806 iterum
886 1762 1058 1823 agenda
1096 1763 1152 1805 ab
1178 1769 1363 1806 auctore
1392 1762 1540 1806 denuo
1570 1771 1662 1806 tra-

248 1845 422 1889 ctatum
480 1845 528 1881 at
556 1852 737 1881 carmen
777 1836 1043 1896 parodicum
1072 1839 1121 1880 in
1150 1838 1297 1879 lucem
1325 1840 1462 1880 semel
1491 1838 1662 1881 editum

246 1914 490 1969 praebetur
538 1913 663 1954 nulla
714 1910 992 1975 retractandi
1039 1925 1158 1956 ansa.
1247 1911 1464 1955 Parodias
1511 1920 1662 1956 autem

247 1985 549 2044 componendi
581 2001 684 2030 cum
712 1988 775 2030 sit
809 1987 1006 2029 maxima
1044 1986 1231 2028 libertas
1247 2016 1262 2040 ,
1319 1994 1480 2044 poetae
1501 2002 1663 2042 *versus

247 2076 339 2104 non
367 2075 483 2114 una,
534 2061 614 2105 sed
643 2061 893 2104 innumeris
922 2060 1126 2118 parodiis
1153 2060 1318 2104 referri
1347 2068 1508 2120 potest.
1595 2064 1665 2106 Ita

249 2138 386 2179 etiam
424 2136 613 2180 Matron
651 2151 831 2180 versum
875 2138 973 2193 jam*
1009 2143 1140 2180 antea
1178 2136 1371 2196 parodia
1409 2145 1670 2194 expressum*

249 2210 398 2252 denuo
428 2224 647 2267 usurpare
685 2213 836 2268 potuit
873 2210 931 2253 ad
969 2210 1323 2269 componendam
1359 2211 1496 2253 aliam
1531 2225 1664 2267 paro-

179 2324 181 2326 ,
250 2283 370 2326 diam
411 2286 602 2328 fortasse
637 2287 931 2328 simillimam.
1018 2284 1109 2327 Sed
1147 2284 1315 2340 duplex
1344 2283 1539 2338 ejusdem
1569 2298 1665 2327 car-

247 2360 386 2402 minis
415 2359 618 2407 ,recensio
648 2358 883 2402 statuenda
911 2373 1004 2402 non
1034 2365 1103 2403 est
1130 2356 1247 2401 ideo.

365 2431 533 2484 Restat,
561 2438 615 2473 ut
643 2431 791 2474 dicam
821 2430 876 2477 de
905 2439 1069 2476 natura
1096 2430 1287 2488 quadam
1307 2430 1538 2476 Matronei
1568 2446 1666 2475 car-

249 2507 384 2550 minis
413 2506 615 2562 propria.
676 2504 873 2549 Videtur
901 2509 1021 2551 enim
1051 2512 1212 2548 auctor
1241 2504 1295 2547 de
1324 2504 1546 2552 industria
1578 2509 1666 2551 ele-

249 2581 367 2639 gisse
396 2594 452 2623 ex
480 2580 684 2622 Homero
725 2593 801 2622 eos
827 2594 1012 2634 versus,
1071 2581 1117 2621 in
1157 2580 1317 2635 quibus
1361 2588 1669 2625 memorentur

250 2652 319 2697 dii
348 2659 395 2712 et
422 2654 601 2708 heroes,
626 2654 701 2697 vel
731 2667 805 2698 res
831 2653 890 2697 ad
920 2668 994 2700 eos
1025 2654 1316 2718 pertinentes.
1375 2653 1582 2713 Namque
1611 2656 1668 2700 ad
