1771 3043
1579 198 1616 254 ’1,

205 355 251 386 se
273 341 569 401 pugnantium
592 338 946 398 compositivum·
969 353 1123 385 earum
1149 337 1467 399 parodiarum,
1498 352 1612 397 quae

204 414 384 472 quidem
410 422 612 473 spectant
641 414 924 468 ridiculum’,‘
956 418 1026 459 vis
1056 413 1222 458 nititur
1239 417 1298 458 ⁴in
1328 412 1609 467 discrimine,

203 488 324 547 quod
359 491 600 535 intercedit
642 483 1033 532 inter'verb‘orum
1066 492 1390 534 sublimitatem
1428 490 1610 533 exilita-

202 570 381 621 temque
408 567 747 608 sententiarum:
1180 563 1183 566 ’

317 639 556 696 Plerasque
586 638 860 681 Graecorum
898 638 1108 696 parodias
1145 639 1202 682 ad
1237 640 1486 682 Homerum
1525 652 1607 697 po-

201 714 438 758 tissimum*
460 728 555 758 esse
595 716 915 772 composims,'¹
948 730 1055 759 non·
1081 722 1149 759 est
1165 747 1179 770 ‚
1239 714 1359 772 quod
1406 717 1604 757 mireris.

199 791 401 834 Homero
432 793 551 833 enim
591 804 693 832 cum
730 804 831 832 nec·
848 792 993 847 pluris
1027 793 1228 833 facerent
1257 790 1423 833 Graeci
1453 802 1605 846 quem-

202 879 334 921 quam
349 897 365 920 ,
423 878 567 922 neque
595 866 828 907 utiliorem
857 878 952 909 esse
985 871 1197 922 putarent
1232 864 1290 906 ad
1326 866 1606 906 inflamman-

199 937 280 981 dos
318 939 564 981 honestatis
602 953 655 981 ac
690 938 924 999 dignitatis
959 952 1111 981 amore
1145 941 1345 982 animos:
1404 939 1607 981 carmina

200 1013 292 1067 ejus
320 1012 643 1056 mandaverunt
671 1015 916 1056 memoriae
953 1014 1158 1069 plerique
1197 1013 1303 1057 inde
1333 1028 1360 1055 a
1388 1015 1601 1071 pueritia.

198 1086 288 1129 Sed
318 1090 503 1131 accessit
531 1087 656 1129 aliud
684 1088 895 1141 efficiens,
923 1093 977 1128 ut
1002 1087 1077 1129 vel
1110 1089 1298 1146 integ-ris
1326 1089 1603 1129 carminibus

196 1163 411 1220 parodice
449 1162 768 1220 componendis
812 1165 1046 1206 materiem
1090 1163 1327 1220 praeberet
1361 1163 1601 1205 Homerus.

198 1238 328 1294 Quod
357 1245 409 1281 ut
436 1240 655 1296 explicem
672 1269 685 1292 ,
744 1239 791 1280 in
821 1237 1037 1295 parodiae
1066 1244 1273 1280 naturam
1302 1238 1438 1294 paulo
1467 1239 1603 1281 altius

198 1320 264 1356 est
292 1314 621 1371 inquirendum.
681 1313 742 1356 Ut
761 1316 894 1356 enim·
918 1315 1034 1368 justa
1062 1313 1252 1374 parodia
1281 1316 1495 1367 exsistat,
1526 1327 1617 1363 nez

185 1384 316 1432 'cesse
344 1396 439 1442 est,
492 1395 544 1430 ut
572 1389 615 1430 ei
643 1402 847 1446 quoque,
902 1389 979 1444 qui
1009 1388 1243 1445 parodiam
1272 1389 1393 1447 legat
1420 1389 1494 1431 vel
1523 1401 1603 1429 au-

197 1462 320 1516 diat,
378 1464 427 1504 in
464 1468 655 1505 mentem
691 1467 930 1505 revocetur
966 1463 1005 1503 is
1041 1462 1158 1504 alius
1191 1463 1429 1518 scriptoris
1457 1463 1600 1514 locus5

196 1538 253 1581 ad
282 1552 412 1595 quem
441 1537 724 1581 referendum
753 1537 862 1579 haec
898 1525 1012 1595 ipsa*
1030 1536 1220 1594 parodia
1249 1538 1496 1593 composita
1526 1538 1599 1578 sit.

194 1611 309 1656 Hoc*
325 1617 365 1656 si
395 1628 485 1655 non
515 1620 608 1666 est,
667 1627 756 1655 non
785 1610 974 1669 parodia
1001 1614 1184 1657 videtur
1213 1626 1334 1666 esse,
1393 1611 1472 1654 sed
1502 1625 1601 1653 car-

193 1704 296 1733 men
325 1701 478 1732 recens
507 1690 802 1746 compositum
826 1690 873 1744 ¹).
963 1689 1030 1731 Ita
1060 1703 1160 1731 cum
1188 1688 1390 1731 Homero
1419 1688 1599 1729 facilius

169 1781 172 1784 ’
195 1778 327 1807 nemo
359 1766 543 1809 Graecis
573 1767 622 1806 in
648 1769 841 1807 mentem
859 1750 1075 1808 ‘revocari
1104 1769 1275 1821 posset:
1317 1765 1487 1806 factum
1516 1770 1599 1815 est,

193 1845 246 1880 ut
273 1839 446 1898 largam
475 1841 513 1880 is
542 1837 1136 1895 suppeditaret‘materiem,
1194 1837 1314 1880 unde
1344 1844 1390 1880 et
1418 1852 1599 1894 compo-

193 1920 352 1956 nerent
379 1912 589 1971 parodias
619 1914 735 1969 ipsi,
779 1918 824 1953 et
853 1914 1120 1968 compositas
1149 1912 1204 1953 ab
1233 1912 1335 1952 aliis
1364 1914 1597 1954 sentirent.

305 1988 366 2030 At
395 1978 580 2045 quaerat
605 1986 828 2043 quispiam
846 2016 860 2039 ,
917 1982 1141 2040 quomodo
1181 1988 1349 2026 factum
1386 1986 1469 2038 sit,
1527 1992 1594 2039 ut,

193 2077 328 2120 quum
360 2063 549 2120 plurimi
587 2054 930 2104 aestimaverint
958 2059 1121 2103 Graeci
1158 2060 1410 2104 Homerum
1423 2062 1438 2115 ',
1487 2075 1596 2104 eun-

193 2138 293 2182 dem
332 2139 536 2199 parodiis
577 2139 784 2181 insectati
822 2138 924 2180 sint.
1013 2136 1280 2180 Referebant
1317 2144 1465 2180 autem
1503 2141 1596 2194 ejus

190 2199 344 2260 versus
379 2215 622 2272 parodice‚
681 2227 772 2256 non
801 2209 980 2269 quidem
1016 2216 1069 2253 ut
1105 2210 1354 2256 irriderent
1391 2227 1491 2255 eum
1521 2216 1594 2257 vel

184 2297 525 2348 >contemnerent
551 2296 730 2346 poetam
759 2282 1079 2341 clarissimum,
1139 2283 1217 2327 sed
1244 2289 1490 2330 venustatis
1519 2291 1593 2331 vel

193 2366 460 2410 eruditionis
498 2363 678 2408 laudem
717 2363 804 2405 hoc
841 2374 897 2403 ex
935 2358 1085 2403 studio
1122 2367 1375 2417 captantes,
1432 2369 1485 2405 ut
1513 2365 1591 2419 qui

236 2493 275 2536 1)
304 2492 410 2528 Haec
434 2494 643 2543 praecipua
662 2504 782 2555 'causa
806 2492 958 2530 videtur
982 2504 1096 2537 esse,
1145 2493 1248 2540 quod
1272 2493 1381 2530 nulla
1408 2494 1494 2532 fere
1518 2506 1590 2532 ex-

302 2555 406 2592 stitit
428 2559 591 2605 parodia
620 2559 774 2606 longius
799 2558 1006 2606 producta,
1054 2569 1153 2603 quae
1189 2558 1353 2594 solutam
1378 2558 1591 2596 orationem

296 2620 462 2657 'reserat
530 2623 636 2660 Quae
660 2634 744 2658 cum
769 2621 980 2667 legentium
1005 2621 1142 2658 animis
1165 2633 1240 2660 non
1265 2620 1506 2670 inhaereret,
1541 2636 1591 2661 ne

302 2683 430 2733 potuit
453 2686 609 2733 quidem
631 2693 722 2738 apte
746 2686 856 2725 reddi
884 2687 1080 2735 paradise.
