1771 3043
1469 196 1539 249 55

132 348 457 393 incubuerunt:
515 346 603 401 ja‘m
631 340 937 401 quaerendum
961 343 1032 384 est
1045 370 1059 394 ‚
1104 347 1207 397 quo‘
1222 351 1341 382 nexu
1369 343 1440 380 tot
1468 350 1541 379 res

135 430 314 479 tamque
334 421 540 466 diversae
564 414 939 479 philosojihorum
968 421 1185 473 pensonae
1212 417 1335 457 inter
1361 424 1409 456 se
1437 426 1543 456 con-

136 498 277 551 juncti
313 498 494 542 fuerint.
583 494 682 548 Qua
710 491 767 534 de
794 506 844 534 re
871 492 1174 545 conjecturam
1204 489 1385 547 quidem
1416 488 1541 530 Paul.

133 586 179 627 p.
211 576 283 617 25.
324 569 562 627 proposuit
600 580 722 619 eam,
780 572 832 606 ut
859 566 1152 622 philosophos
1180 569 1368 608 fortasse
1398 568 1448 607 in
1478 567 1545 606 fa-

137 646 243 688 bula
281 642 473 702 quadam
511 646 712 686 versatos
752 654 871 694 esse,
928 641 1002 685 vel
1039 655 1232 702 pugnam
1270 647 1547 688 commisisse

140 718 393 772 dicati-sed
422 719 585 772 abjecit
613 717 708 772 ipse
738 716 914 772 postea,
944 717 1025 757 ubi
1053 718 1101 757 in
1131 720 1392 776 fragmentis
1419 721 1546 762 nulla

133 796 233 849 ejus
276 794 347 837 rei
388 793 581 854 vestigia
612 789 954 834 animadvertit.
998 788 1008 804 “
1042 790 1157 833 Sunt
1195 799 1343 835 tamen
1360 824 1373 846 ‚
1433 809 1548 852 quac

140 870 442 922 conjecturam
472 865 528 908 de
556 866 672 907 inito
702 865 947 906 certamine
975 866 1263 920 confirment,
1308 874 1360 909 ut
1388 869 1547 929 fragm.

142 941 261 1001 apud
291 941 429 985 Clem.
459 941 585 985 Alex.
615 940 781 983 Strom.
812 940 870 984 V.
916 955 958 999 p.
991 945 1091 988 550.
1122 943 1176 986 D.
1207 942 1331 999 sylb.
1385 945 1549 989 Eussb'.

143 1020 298 1074 Praep.
330 1016 549 1060 ev.·XIV.
579 1031 624 1073 p.
650 1021 756 1063 763.
816 1017 949 1075 Diog.
980 1018 1059 1058 La.
1092 1017 1169 1058 IX.
1203 1017 1251 1069 13
1283 1022 1349 1072 6.,
1394 1022 1555 1077 impri-

144 1095 229 1135 mis
259 1091 331 1145 id,
364 1090 484 1147 quod
513 1097 581 1133 est
608 1090 728 1146 apud
757 1090 946 1133 eundem
974 1090 1052 1133 IV.
1084 1095 1135 1145 6,
1165 1094 1238 1137 42.
1280 1090 1364 1135 'Ex
1392 1096 1554 1149 quibus

146 1181 238 1209 non
266 1168 364 1209 sine
393 1173 527 1208 causa
554 1165 770 1222 colligere
799 1165 914 1205 mihi
942 1164 1128 1218 videor,
1177 1181 1433 1209 sermonum
1462 1184 1559 1211 cer-

143 1248 297 1283 -tamen
335 1240 592 1283 institutum
628 1252 722 1281 esse
758 1250 785 1280 a
824 1238 1108 1295 philosophis
1150 1240 1199 1281 in
1237 1249 1365 1298 parte
1401 1244 1559 1287 saltem

147 1319 367 1361 sillorum.
452 1315 612 1370 Neque
641 1314 819 1366 obstat,
870 1313 990 1370 quod
1019 1315 1150 1374 Diog.
1182 1317 1231 1357 in
1261 1319 1409 1373 primo
1439 1319 1559 1362 libro

150 1389 483 1445 αὐτοδιήγητον
509 1390 647 1431 fuisse
674 1386 758 1437 τὴν
787 1388 1018 1447 ἑρμηνείαν
1049 1389 1256 1433 Timonis
1287 1391 1460 1444 tradit3
1511 1394 1561 1437 id
1622 1416 1629 1422 ·

152 1468 272 1512 enim
301 1465 548 1524 opponitur
585 1468 765 1505 'tantum
793 1462 1044 1522 dialogicae
1083 1473 1335 1508 ceterorum
1374 1470 1560 1512 formae.

154 1541 245 1584 Sed
287 1539 343 1583 de
386 1540 527 1581 totius
570 1538 721 1593 operis
761 1541 1090 1594 compositione
1138 1539 1244 1594 inde
1291 1542 1563 1585 concludere

150 1614 399 1672 quidquam
424 1603 847 1737 πωπω-,ιε’
870 1626 1060 1671 gnarus,
1117 1628 1250 1670 quam
1288 1615 1466 1658 lubrica
1503 1619 1566 1659 sit

155 1689 326 1748 perditi
365 1689 515 1744 operis
551 1677 643 1728 ins'
720 1734 745 1751 η.
794 1700 850 1740 o,
909 1694 954 1729 et
983 1702 1115 1743 quam
1144 1690 1279 1732 facile
1309 1703 1361 1732 eo
1393 1689 1569 1732 defera-

157 1778 274 1818 mur,
303 1766 369 1817 att,
399 1776 512 1819 quae
542 1758 774 1818 potuerint
802 1762 926 1814 fieri,
958 1775 1114 1804 revera
1144 1764 1263 1803 facta
1292 1777 1384 1805 esse
1414 1766 1569 1805 existi-

158 1843 342 1881 memus.
379 1856 438 1869 -—-·-
492 1836 638 1890 *Quin
669 1835 718 1875 in
746 1834 850 1875 aliis
880 1836 1143 1892 fragmentis
1172 1838 1427 1892 perspicere
1457 1838 1570 1878 mihi

158 1915 321 1958 videor
349 1917 578 1955 caementa
602 1909 743 1965 quasi,
776 1907 936 1963 quibus
966 1911 1248 1966 singulorum
1275 1912 1570 1968 philosopho-

157 2004 261 2033 rum
285 1988 450 2043 placita
470 1983 861 2040 conglutinaverit.
921 1982 1153 2023 Nonnulla
1176 1985 1296 2025 enim
1320 1987 1571 2044 fragmenta

163 2063 389 2119 incipiunt
411 2073 437 2101 a
456 2057 792 2114 comparatione
810 2053 1151 2112 praecedentem
1176 2058 1298 2100 inter
1319 2064 1365 2100 et
1383 2073 1569 2115 sequen-

163 2146 255 2181 tem
284 2132 603 2193 philosophum
632 2130 868 2181 instituta,
921 2134 973 2170 ut
1002 2132 1253 2187 fragmenta
1282 2131 1401 2187 apud
1429 2133 1566 2190 Diog.

163 2211 310 2255 Lasl.
345 2213 398 2261 1,
428 2211 499 2254 34.
544 2205 621 2248 IX.
652 2209 707 2259 7,
737 2208 808 2251 40.
857 2205 911 2246 ΙΙ.
945 2209 997 2258 8,
1028 2208 1100 2249 66.
1161 2203 1282 2247 Sext„
1314 2206 1435 2262 Emp.
1469 2206 1568 2250 adv.

165 2288 311 2331 Math.
336 2284 415 2328 IX.
433 2288 502 2330 57.
531 2280 598 2325 ed.
619 2282 790 2323 Fabric.
809 2281 964 2324 Euseb.
987 2278 1142 2337 Praep.
1175 2294 1241 2323 ev.
1254 2279 1376 2322 XIV.
1409 2296 1450 2338 p.
1467 2285 1571 2327 761.

164 2364 218 2404 In
258 2361 420 2417 quibus
447 2358 727 2415 ‘compositio
766 2358 927 2398 similis
966 2355 1149 2415 videtur
1184 2369 1279 2398 esse
1315 2357 1429 2410 ejus,
1487 2370 1576 2412 qua

166 2434 393 2480 Hesiodus
436 2436 484 2476 in
512 2432 644 2476 Eoeis
673 2432 911 2474 transitum
950 2433 1038 2474 sibi
1078 2434 1257 2489 paravit
1294 2446 1320 2473 a
1350 2430 1576 2489 descripta

168 2512 358 2554 heroina
386 2522 477 2549 una
505 2506 563 2549 ad
593 2505 931 2557 describendam
961 2508 1109 2548 aliam.

285 2584 338 2626 In
367 2580 563 2624 secundo
594 2586 640 2624 et
668 2583 806 2624 tertio
836 2583 1045 2623 sillorum
1076 2582 1195 2623 libro
1226 2581 1395 2623 Timon
1434 2579 1579 2623 dialo-

168 2660 270 2718 gica
298 2657 517 2701 sermonis
546 2641 857 2700 forma'facile
894 2657 1138 2714 prohibere
1168 2657 1347 2711 potuit,
1406 2657 1580 2711 quomi-
