1771 3043
1498 213 1579 265 19

162 347 245 404 per
274 346 460 403 scripta
478 362 481 366 ·
496 345 853 405 objurgationes
875 338 1069 388 Homeri
1113 347 1395 405 Hesiodiqne
1439 350 1577 392 minse

160 417 347 476 sparsas.
434 419 860 462 Eudem*·seuoentia
890 420 1121 463 invenitur
1157 422 1277 478 apud
1307 422 1480 464 Fabric.
1514 422 1573 464 11.

160 569 427 624 peculiaria*
439 562 575 626 opera
605 571 748 624 saepe
766 568 979 622 excitari}
1031 567 1161 610 id⁴fit
1190 562 1371 614 nomine
1400 576 1578 612 tantum

159 643 395 700 singuhri‚
427 657 518 686 non
539 657 609 696 eo,
640 641 760 699 quod
790 647 937 684 totum
967 656 1107 702 genus
1133 645 1367 702 significet.
1427 644 1575 687 Nemo

157 725 354 772 unquam
383 716 575 759 Homeri
601 730 757 759 verens
783 717 840 759 11.
871 715 927 758 Π.
961 720 1065 762 212.
1097 716 1324 760 laudavit:
1377 704 1577 773 ’Ὄμηρος

160 788 207 829 ἐν
235 789 410 844 ’σι’λλῳ,
445 777 735 846 *quamquam
773 787 881 831 inde
921 780 976 831 ab
1005 777 1420 833 Alexandrinorum
1462 797 1576 834 tem-

158 873 270 919 pore
299 877 390 908 non
420 863 682 917 'defuerunt5
736 865 815 919 qni
844 854 1095 906 Homerum
1136 866 1224 906 isto
1254 864 1357 906 loco
1389 862 1576 904 σιλλαί-

157 934 251 978 τὶειν
279 936 612 979 contenderent.
684 936 859 979 Deinde
889 939 937 978 in
961 936 1253 995 Xenophanis
1283 945 1488 980 aetatem·
1506 952 1573 992 ea,

158 1022 290 1067 qnam
319 1012 504 1064 volunt,
548 1010 829 1055 diversarum
857 1021 1011 1053 rerum
1042 1014 1089 1053 in
1117 1026 1258 1053 unum
1278 1025 1467 1054 carmen
1499 1024 1575 1054 co·

157 1088 429 1144 agmentatio
461 1086 645 1125 minime
675 1083 810 1126 cadit.
861 1084 955 1126 >Ita
984 1081 1314 1141 Xenophaneos
1344 1087 1473 1128 sillos
1492 1092 1573 1128 ’tot

157 1174 184 1201 a
213 1155 509 1217 scriptoribus
548 1156 753 1200 laudatos
784 1158 1025 1218 integrum
1064 1173 1174 1215 opus
1215 1161 1415 1202 effecisse
1452 1160 1574 1202 arbi-

156 1242 269 1277 tror.
340 1234 634 1290 *Quamquam
686 1232 876 1275 definire
923 1247 1013 1275 non
1056 1233 1221 1286 audeo,
1281 1240 1434 1275 utrum
1477 1236 1573 1276 silli

156 1310 621 1352 continnaoratione
657 1310 729 1350 usi
769 1310 884 1361 sint,
943 1321 1000 1349 an
1043 1308 1251 1364 pluribus
1296 1308 1573 1349 carminibus

156 1385 443 1424 constiterint
472 1383 720 1434 conju-netis
748 1382 932 1424 vinculo
963 1383 1115 1434 nullo,
1173 1383 1262 1422 nisi
1307 1380 1428 1436 qnod
1455 1387 1573 1423 'ean-

156 1456 257 1499 dem
286 1469 382 1499 rem
412 1456 721 1497 tractaverint.
809 1452 979 1496 Saltem
1019 1467 1130 1510 quos
1161 1453 1296 1495 Dind.
1339 1452 1397 1494 ad
1426 1453 1568 1515 schol.

155 1532 292 1574 Arist.
333 1531 411 1587 Eq.
441 1530 544 1577 406.
586 1530 736 1572 effecit
778 1533 974 1584 quatuor
1014 1528 1223 1570 sillorum
1268 1528 1408 1570 libros
1427 1559 1440 1581 ‚
1501 1530 1572 1570 ni·

153 1608 293 1649 mium
330 1607 366 1647 ii
406 1604 597 1646 infirmis
634 1602 739 1644 talis
776 1597 996 1644 nitnntur.
1083 1601 1207 1645 Paul.
1240 1603 1383 1662 igitur
1412 1617 1566 1646 omnes

152 1686 276 1735 fere,
327 1693 439 1738 quos
474 1693 517 1736 p.
547 1680 615 1722 16.
647 1674 829 1719 laudavi
867 1668 992 1718 locos
1021 1678 1186 1732 pressit
1222 1691 1274 1719 ac
1304 1679 1463 1729 torsit,
1516 1684 1571 1718 nt

153 1758 420 1801 sententiam
457 1767 583 1796 snam
629 1753 687 1792 iis
725 1751 924 1793 fulciret.
1015 1751 1169 1793 Risum
1213 1766 1355 1809 paene
1402 1759 1569 1806 movet,

152 1832 274 1891 quod
306 1846 349 1889 p.
382 1835 456 1875 20.
487 1825 743 1879 contendit,
794 1839 886 1866 non
915 1839 1044 1881 posse
1075 1840 1175 1880 eos,
1222 1840 1333 1882 quos
1364 1827 1565 1867 Eustath.

150 1904 381 1953 παλαιούς
409 1909 564 1953 vocat,
626 1902 791 1956 quique
830 1900 1170 1955 interpretando
1206 1901 1410 1942 Homero
1448 1914 1566 1940 sum-

150 1996 269 2024 mam
298 1992 482 2036 operam
512 1976 797 2027 navaverint,
837 1973 1014 2016 eosdem
1044 1976 1207 2014 famam
1236 1975 1445 2015 sillornm
1475 1973 1565 2015 Xe-

151 2055 373 2112 nophanis
401 2046 663 2108 praedicare
693 2046 758 2099 (ἐν
776 2045 847 2096 οἷς
867 2046 1155 2101 εὐδοκίμηκεν
1172 2047 1405 2101 Eustath'.).
1468 2048 1565 2091 Nec

149 2129 363 2185 majorem
384 2129 577 2185 speciem
600 2125 735 2165 habet
755 2124 900 2176 ratio,
931 2135 1018 2178 qua
1046 2128 1141 2163 tum
1172 2122 1278 2163 hnic
1308 2123 1433 2175 loco,
1465 2129 1564 2164 tum

149 2207 315 2249 ceteris
336 2199 528 2243 ‘mederi
575 2204 792 2251 conatur,
849 2204 903 2239 nt
944 2195 1167 2252 μέμνηται
1211 2195 1473 2251 Ξενοφάνης
1518 2198 1565 2238 ἐν

150 2281 331 2328 σίλλοις
359 2280 506 2319 minus
536 2263 671 2331 plane
702 2274 872 2317 dictum
903 2289 996 2317 esse
1025 2274 1267 2318 contendat
1295 2289 1408 2331 pro:
1452 2274 1563 2331 μέμ-

146 2369 282 2402 νηται
318 2348 579 2404 Ξενοφάνης
615 2348 662 2392 ἐν
692 2348 892 2406 Τίμωνος
929 2350 1123 2400 σίλλοις.
1213 2349 1256 2393 Is
1297 2363 1429 2393 error
1468 2349 1560 2392 non

148 2428 271 2485 cadit
307 2421 463 2471 saltem
503 2417 551 2467 in
589 2425 729 2480 schol.
766 2426 902 2467 Hom.
932 2426 1115 2469 Villois.
1155 2428 1447 2481 (quamquam
1486 2426 1560 2468 vel

147 2503 279 2557 hujus
317 2503 634 2544 auctoritatem
670 2502 901 2561 negligere
939 2501 1121 2546 videtur
1162 2514 1204 2557 p.
1237 2498 1344 2553 20.).
1431 2497 1558 2541 Adeo

146 2583 295 2619 autem
324 2578 469 2619 fervet
498 2575 650 2619 studio
679 2577 888 2619 sillorum
916 2590 1029 2633 opus
1057 2571 1273 2626 tollendi,
1298 2583 1304 2586 ’
1326 2579 1379 2615 ut
1409 2587 1452 2631 p.
1488 2577 1558 2620 19.

146 2649 296 2705 dicat,
324 2703 334 2710 ἢ
353 2650 494 2693 schol.
525 2651 662 2694 Arist.
694 2665 786 2696 non
824 2652 1050 2707 respicere
1086 2649 1216 2692 sillos
1253 2647 1362 2707 (130⁸
1392 2646 1561 2690 diserte

1227 2749 1282 2791 2*
