1771 3043
162 326 373 368 omittam
407 328 642 384 propriam
676 328 802 371 vocis
843 311 1267 389 significationem).
1296 344 1355 374 ex
1393 330 1584 388 scripto-

163 411 266 441 rum
294 413 380 442 usu
408 407 538 445 notat
577 399 627 443 id
660 402 892 459 scribendi
933 418 1100 464 genus,
1161 404 1307 462 quod
1344 407 1583 449 mutatis

161 474 341 535 mag-is
371 474 633 519 minusve
662 476 813 519 alius
841 479 1159 535 scriptoris
1186 479 1384 523 verbis
1413 482 1582 523 aliam

164 547 385 590 tribuit
420 552 801 606 sententiam,
855 559 1024 609 atque
1053 566 1217 610 quam
1252 554 1361 596 ille
1394 555 1584 597 inesse

162 619 222 659 in
263 621 340 662 iis
372 624 566 666 voluit
589 625 637 678 ¹).

278 694 407 740 Haec
435 699 476 740 si
505 704 604 740 erat
634 700 765 759 origo
796 699 1090 757 parodiarum
1117 686 1170 743 in
1198 702 1458 744 universum
1473 730 1488 754 ,
1529 707 1582 743 ut

161 783 349 825 poeseos
388 788 532 833 genus
576 774 797 819 latissime
839 782 997 832 patens
1038 776 1145 820 inde
1184 775 1394 820 evaderet
1417 806 1431 830 ,
1489 777 1581 818 alia

162 846 381 900 quaedam
409 864 482 892 res
513 848 671 893 debuit
698 851 924 895 accedere.
1014 851 1261 895 Commune
1287 846 1394 893 'fere
1435 851 1580 892 homi-

161 924 283 961 num*
305 935 407 964 cum
451 925 513 965 sit
550 924 749 967 studium
787 928 1053 984 gravissima
1083 939 1283 983 quaeque
1313 922 1579 967 detrahendi

161 993 500 1053 irridendique:
543 1012 598 1041 ex
623 1013 674 1042 ea
703 1000 824 1058 lege,
855 1013 944 1055 qua
968 1005 1167 1042 extrema
1193 1012 1394 1056 quaeque
1423 999 1578 1055 proxi-

160 1081 233 1109 me
261 1083 311 1111 se
339 1073 599 1131 attingunt,
650 1073 770 1116 dicta
801 1087 1000 1130 quaeque
1030 1075 1304 1130 amplissime
1334 1080 1381 1115 et
1408 1074 1579 1133 magni-

159 1141 451 1188 ficentissime
480 1149 721 1189 maximam
760 1148 977 1204 praebent
1003 1149 1234 1190 irrisionis
1264 1149 1577 1204 opportunita-

160 1222 265 1259 tem.
353 1219 456 1262 Jam
494 1222 535 1264 si
574 1223 673 1279 quis
709 1223 961 1282 magnificis
996 1210 1114 1265 alius
1151 1214 1390 1280 scriptoris
1426 1206 1577 1266 verbis

158 1304 342 1357 gravem
380 1298 649 1339 sententiam
686 1298 1041 1353 exprimentibus
1079 1294 1343 1339 mutationis
1379 1297 1575 1339 artificio

158 1368 325 1411 tribuit
352 1371 732 1430 significationem
761 1375 898 1417 vilem
929 1380 1061 1429 atque
1089 1374 1327 1432 vulgarem
1357 1371 1426 1426 (id
1455 1369 1575 1427 quod

157 1444 211 1485 fit
238 1445 504 1502 plerumque
535 1449 583 1488 in
612 1445 860 1503 parodia):
920 1449 1115 1488 maxima
1144 1447 1274 1499 hujus
1302 1447 1372 1488 rei
1401 1447 1575 1488 comica

156 1519 227 1561 vis
257 1526 335 1563 est.
414 1522 552 1577 Quae
580 1538 682 1566 cum
711 1529 844 1580 saepe
877 1524 1165 1565 contineatur
1193 1522 1242 1562 in
1271 1534 1424 1563 rerum
1454 1521 1576 1564 inter

203 1653 242 1697 1)
274 1653 405 1691 Quint.
431 1655 503 1693 Vl.
532 1657 566 1693 3.
592 1657 648 1694 97.
692 1668 780 1693 »seu
805 1653 938 1693 verbis
964 1665 1016 1690 ex
1040 1659 1151 1701 parte
1175 1650 1355 1697 mutatis,
1378 1653 1463 1690 ‘seu
1487 1653 1572 1691 ficti

274 1719 377 1756 notis
401 1720 583 1757 versibus
608 1721 784 1768 similes,
820 1731 919 1767 quae
942 1715 1112 1765 παρῳὸἰα
1136 1717 1313 1754 dicitu1·.‹
1366 1718 1426 1754 Ita
1450 1724 1571 1755 statu-

274 1792 344 1821 unt
382 1784 498 1821 etiam
535 1785 699 1822 Casaub.
726 1787 844 1823 Poes.
872 1784 954 1822 Sat.
992 1796 1032 1832 p.
1056 1784 1139 1821 2⁰7.
1175 1782 1310 1821 Ramb.
1344 1782 1570 1830 Schweigh.

272 1848 320 1884 ad
346 1849 487 1885 Athen.
514 1850 606 1886 XV.
632 1862 669 1897 p.
685 1847 766 1886 699.
786 1850 833 1886 Β.
877 1843 1035 1884 Fabric.
1052 1846 1099 1883 B.
1119 1846 1188 1883 Gr.
1213 1847 1244 1883 Ι.
1271 1859 1308 1895 p.
1322 1848 1403 1884 550.
1440 1847 1571 1886 Herm.

273 1913 323 1948 ad
357 1913 523 1950 Aristot.
551 1913 661 1949 Poet.
700 1912 750 1950 11.
776 1913 811 1949 5.
836 1935 882 1943 —
952 1912 1016 1948 De
1048 1909 1201 1957 origine
1235 1910 1421 1959 parodiae
1456 1910 1573 1949 aliter

275 1976 448 2013 sentiunt
473 1990 483 2013 ε
534 1976 682 2023 Scalig.
708 1977 821 2014 Poet.
846 1976 877 2012 1.
914 1988 947 2013 c.
968 1976 1026 2013 42.
1098 1973 1258 2011 Sallier-
1283 1974 1474 2012 Discours
1499 1981 1570 2014 etc.

275 2051 311 2087 p.
325 2040 409 2077 ⁴02.
457 2040 593 2077 Ramb.
613 2041 660 2077 ad
680 2039 842 2077 Casaub.
867 2052 906 2088 p.
918 2041 1001 2077 2⁰7.
1051 2038 1207 2085 Flogel.
1234 2038 1267 2075 1.
1292 2050 1330 2089 p.
1343 2040 1415 2077 356
1429 2035 1568 2077 etam.

276 2101 330 2141 Hi
364 2102 463 2139 enim
496 2110 703 2149 statuunt,
759 2102 961 2151 parodiam
996 2114 1018 2138 e
1053 2102 1267 2151 rhapsodia
1300 2108 1425 2139 natam
1458 2114 1567 2147 esse;

275 2168 493 2217 rhapsodos
527 2167 637 2205 finita
665 2168 826 2205 Homeri
865 2166 1097 2205 recitatione
1128 2167 1236 2204 lusus
1258 2162 1401 2214 'gratia
1434 2166 1569 2216 prodi-

273 2232 383 2276 isse,
432 2233 501 2271 oui
524 2232 574 2277 ad
599 2232 714 2268 animi
741 2232 1006 2269 remissionem
1031 2230 1157 2267 omnia
1181 2231 1254 2267 ina
1278 2231 1414 2280 priora
1437 2230 1567 2268 inver-

273 2302 414 2332 terent.
487 2296 540 2332 At
573 2307 698 2341 neque
730 2297 852 2333 ullum
887 2296 1146 2340 testimonium
1190 2304 1249 2332 est
1284 2296 1385 2344 apud
1417 2304 1568 2334 veteres

274 2359 512 2408 scriptores,
562 2359 664 2404 quod
700 2365 790 2408 post
831 2360 994 2396 recitata
1036 2359 1171 2405 gravia
1204 2360 1365 2397 Homeri
1402 2360 1569 2398 carmina

268 2424 452 2474 parodias
476 2434 564 2459 esse
589 2423 819 2470 compositas
845 2424 1069 2469 confirmet,
1101 2436 1197 2467 nec,
1225 2423 1261 2459 si
1286 2432 1414 2469 esset,
1451 2424 1566 2471 quid-

271 2500 383 2535 quam
410 2488 500 2524 inde
528 2488 779 2524 lucraremur.
829 2489 891 2524 Ab
918 2489 988 2524 hac
1014 2487 1115 2523 enim
1143 2500 1185 2523 re
1209 2495 1251 2523 ut
1276 2488 1451 2525 certandi
1477 2499 1566 2536 par-

273 2552 377 2589 odiis
412 2564 495 2589 mos
530 2553 721 2600 originem
755 2554 897 2600 ducere
934 2553 1086 2602 potuit,
1134 2552 1189 2588 ita
1224 2551 1379 2589 minime
1413 2551 1594 2588 omnino·

269 2616 476 2664 parodiae,
513 2616 658 2665 quippe
684 2629 780 2662 quas
805 2618 946 2655 dudum
971 2615 1175 2654 exstitisse
1200 2623 1400 2670 oporteat,
1433 2615 1565 2663 prius-

274 2679 475 2730 quamzhic
500 2691 581 2718 mos
607 2680 734 2730 potuit
759 2682 873 2720 oriri.
