1771 3043
1537 202 1541 207 ·
1554 180 1591 232 9

185 322 284 360 non‘
311 316 586 362 ,habitemus
674 315 746 362 Ne
789 313 1087 371 Xenophanes
1130 315 1345 371 quidem,
1401 313 1456 368 de
1501 329 1591 372 quo

184 396 352 449 postea
366 389 512 440 dicam
527 421 541 444 ,
599 391 800 448 quamvis
841 393 1010 441 acriter
1046 392 1325 450 impugnans
1348 393 1592 438 sententias

183 466 377 519 Homeri
412 451 586 509 *dediis
616 476 860 522 eorumque
888 461 1078 520 natura,
1133 472 1185 508 ut
1223 466 1417 507 Homeri
1454 466 1594 526 verba

182 541 490 596 vituperaret,
507 579 509 582 ,
527 540 742 598 pax-odias
764 542 1039 597 composuit.
1123 539 1224 581 Jam
1252 538 1453 593 judicare
1483 540 1594 582 licet

185 612 243 656 de
267 629 345 667 eo,
404 614 523 671 quod
560 613 724 674 Scalig.
765 615 886 659 Poet.
919 616 955 657 Ι.
996 629 1040 657 c.=
1064 619 1137 662 42.
1176 614 1315 656 dicit:
1375 615 1593 664 »Pax-odia

184 694 252 729 est
279 687 521 743 rhapsodia
552 689 729 730 inversa
756 690 938 730 mutatis
966 689 1152 732 vocibus
1170 687 1240 730 ad
1269 687 1464 729 ridicula
1492 702 1592 732 sen-

184 775 282 802 sum
325 762 599 804 retrahent-10«
702 762 827 809 Haec
869 761 1072 803 definitio
1118 760 1408 818 parodiarum
1450 776 1590 821 genus

183 835 371 890 respicit
398 848 562 887 unum,
609 835 781 876 omittit
809 834 1014 879 alterum.
1046 858 1102 866 —
1496 880 1499 883 s

295 908 437 950 Erant
474 907 594 964 apud
630 907 825 949 Graecos
844 941 847 944 .
866 905 1101 963 parodiae-
1118 920 1208 950 non
1248 909 1400 953 modo.
1422 912 1590 967 epicam,

184 995 296 1036 quae
324 981 573 1024 Homerum
604 982 929 1031 imitarentur,
976 978 1053 1020 sed
1083 981 1217 1022 etiam
1247 982 1446 1038 lyricae,
1497 992 1592 1029 tra-

132 1078 135 1084 =
183 1058 333 1115 gicae,
365 1054 421 1098 de
446 1056 606 1112 quibus
632 1068 768 1110 supra
794 1053 915 1107 dixi,
957 1053 1203 1112 elegiacae,
1240 1056 1352 1099 adeo
1377 1073 1490 1115 quae
1519 1074 1592 1104 re-

182 1130 354 1172 ferrent
381 1132 730 1188 epigrammata,
761 1130 816 1173 cf.
848 1127 1060 1184 Stephan.
1090 1129 1225 1171 Hom.
1257 1138 1302 1173 et
1329 1133 1435 1175 Hes.
1469 1134 1589 1178 Cert.

183 1220 226 1261 p.
258 1210 322 1252 85,
347 1211 393 1248 et
421 1209 491 1251 91.
551 1202 711 1245 Parod.
742 1216 856 1244 mor.
888 1204 1052 1258 p.-140
1081 1216 1144 1257 sq.
1205 1202 1294 1246 Sed
1321 1205 1593 1252 Homericae

182 1288 236 1322 ut
253 1285 506 1336 patuerunt
533 1279 772 1330 latissime,
809 1279 875 1319 ita
904 1276 959 1317 ab
989 1277 1315 1331 antiquissimis
1346 1279 1452 1322 inde
1482 1288 1593 1324 tem-

183 1355 369 1411 poribus
407 1365 500 1409 pro.
526 1352 718 1394 Homeri
757 1358 902 1396 aetate.
945 1352 1157 1406 componi
1192 1359 1376 1408 coeptae
1413 1362 1518 1396 sunt
1538 1356 1590 1411 ¹).

186 1430 308 1483 Quae
335 1441 433 1470 cum
466 1428 530 1467 ita
558 1429 675 1477 sint,
724 1432 937 1482 apparet,
980 1424 1105 1479 ,quid
1135 1426 1419 1468 statuendum
1447 1432 1509 1471 sit
1536 1430 1592 1472 de

184 1499 615 1554 διιίὼιθπαρῳδίαν
646 1486 888 1542 definiendi
924 1500 1127 1540 ratione:
1187 1498 1420 1553 παρῳδία·
1468 1503 1589 1545 οὕτω

185 1574 374 1628 λέγεται
403 1572 519 1622 ὅταν
544 1572 588 1613 ἐκ
616 1571 876 1628 τραγῳδίας
906 1571 1156 1626 μετενεχθῇ
1180 1572 1318 1626 λόγος
1349 1576 1411 1624 εἰς
1438 1592 1591 1632 ²⁶⁶0(an-

184 1651 301 1693 δίαν.
369 1649 518 1691 Unum
547 1648 681 1691 modo
709 1647 1002 1704 parodiarum
1030 1661 1167 1705 genus
1196 1651 1395 1702 notavit,
1443 1659 1593 1695 cetera

185 1729 320 1769 etiam
359 1726 569 1783 graviora
611 1725 775 1765 omisit.
865 1720 1034 1762 Eodem
1062 1719 1196 1762 modo
1227 1722 1376 1778 lapsus
1401 1732 1473 1773 *est
1501 1727 1593 1770 He-

185 1800 306 1855 sych.
348 1798 667 1853 παρῳδοῦντες
714 1799 1014 1852 interpretans
1057 1808 1140 1849 per
1178 1801 1594 1854 παρατραγῳδοῦν-

185 1889 273 1924 τες.
301 1876 363 1906 --’

300 1947 552 2008 Singularis
582 1945 798 2004 quaedam
827 1944 1117 2001 parodiarum
1146 1953 1308 1989 natura
1336 1955 1402 1990 est
1425 1964 1510 2002 Aea,
1541 1958 1595 1993 ut

185 2038 276 2081 non
313 2026 534 2080 possimus
571 2021 931 2077 animadvertere
966 2020 1129 2079 gradus
1144 2052 1157 2074 ‚
1218 2024 1378 2077 quibus
1422 2025 1528 2068 inde
1566 2041 1595 2068 a

185 2098 426 2154 principiis
447 2098 629 2141 ,sensim
660 2095 837 2136 exculta
865 2092 922 2134 ad
951 2108 1170 2135 summum
1198 2099 1489 2152 peri-'ectionis
1518 2115 1594 2143 ve-

186 2174 379 2230 stigium·
398 2173 668 2227 pervenerit.
742 2171 803 2213 Ut
821 2171 1055 2228 Homerus
1086 2172 1258 2225 primus
1288 2186 1480 2227 poeseos.
1502 2178 1596 2232 epi-

187 2258 263 2287 cae
293 2252 452 2288 auctor
481 2259 699 2287 summum
731 2243 849 2286 idem
881 2245 971 2297 ejus
1001 2245 1229 2299 exemplar
1258 2247 1490 2291 exhibuit:
1531 2252 1597 2291 ita

186 2320 395 2372 par-odias
428 2322 511 2376 qui
546 2311 721 2363 in'venit
757 2324 983 2374 postremo
1023 2318 1195 2372 parodo
1228 2328 1318 2362 non
1348 2323 1595 2366 deteriores

187 2396 452 2448 composuit.
542 2382 671 2449 Quod
709 2399 859 2434 tamen
898 2405 986 2433 non
1028 2393 1092 2433 ita
1121 2391 1290 2436 dictum
1321 2399 1488 2452 velius,
1545 2405 1598 2440 ut

187 2480 277 2507 non
306 2468 446 2507 alium
474 2468 767 2523 parodiarum
797 2470 1064 2523 scriptorem
1095 2469 1186 2509 alio
1213 2471 1483 2529 insigniores
1504 2472 1598 2515 edi-

232 2584 270 2624 1)
303 2580 530 2619 Homericae
557 2584 736 2631 parodias
760 2585 1002 2631 antiquiores
1034 2596 1149 2629 esse,
1198 2596 1309 2631 quam
1332 2585 1598 2636 κιθαρῳδικάς,

302 2644 387 2692 ipse
413 2652 579 2698 testatur
600 2647 781 2686 Aristox.
807 2650 909 2698 apud
932 2650 1074 2688 Athen.
1099 2648 1212 2687 XIV.
1238 2651 1372 2708 p-638.
1396 2651 1444 2687 B.
