1771 3043
237 190 308 241 54

236 325 490 380 posteriore
518 330 719 377 tempore
748 334 837 363 vox
875 321 1084 362 latiorem
1119 322 1496 380 significationem
1524 335 1648 364 acce-

236 399 308 453 pit
328 412 443 450 eam,
476 410 562 453 qua
592 398 638 436 in
666 396 926 455 universum
956 401 1134 437 notaret
1164 408 1343 437 carmen
1373 398 1647 448 irrisorium,
1674 412 1688 432 ‘0-

238 478 284 514 et
308 469 427 528 quod
457 485 537 512 nos
564 469 754 512 dicimus
785 469 1032 511 satiricum.
1092 469 1160 511 Ita
1191 470 1513 512 intellexerunt
1535 485 1647 522 eam,

237 548 316 603 qui
345 546 399 587 ab
430 546 633 587 Homero
666 543 770 586 inde
800 543 1020 585 sillorumv
1040 543 1262 601 originem
1293 549 1526 599 repetunt;
1583 546 1649 585 ita

237 627 282 662 et
308 621 474 662 Julian.
507 619 619 675 Imp.
650 618 751 659 vn.
795 631 837 673 p.
870 620 972 661 207.
1005 615 1347 671 σιλλογράφον,
1405 617 1483 672 qui
1518 602 1651 659 ‘mera

237 698 444 738 convicia
488 696 737 749 jaculatur,
798 705 1026 747 opponens
1071 693 1267 745 ποιητῇ,
1328 693 1407 746 qui
1446 705 1542 732 rem
1583 693 1649 731 ita

235 775 479 822 tractaret,
540 773 592 808 ut
622 765 865 809 delectaret
892 765 1028 807 etiam
1057 764 1266 824 legentes.
1356 766 1475 820 Quin
1513 761 1649 821 prosa

236 847 443 887 oratione
480 844 649 899 scripta
687 840 1032 882 maledictorum
1077 841 1210 896 plena
1250 841 1378 881 sillos
1419 841 1651 881 nominata

236 934 358 972 esse,
417 914 552 975 supra
595 916 747 959 studui
786 915 1105 957 demonstrere.
1193 915 1495 958 Posterior-em
1522 915 1649 957 vocis

234 1010 364 1037 usum
403 999 697 1049 respexerunt
734 993 973 1048 etiamrii,
1035 1005 1146 1046 quos
1176 994 1409 1048 propriam
1437 993 1647 1032 sillorum

235 1071 468 1110 notionem
499 1073 622 1108 recte
654 1065 911 1108 definivisse
941 1068 1141 1125 negavi„
1180 1097 1183 1103 .

352 1143 421 1184 De
451 1141 786 1196 compositione.
804 1140 1182 1181 Timonianorum
1210 1141 1419 1182 sillorum
1448 1146 1648 1193 externa,

235 1224 289 1258 ut
319 1218 384 1257 ita
414 1216 584 1267 dicam,
616 1213 864 1268 disputavit
893 1213 1026 1271 Diog.
1057 1214 1139 1255 La.
1170 1213 1247 1256 IX.
1283 1219 1354 1268 12,
1388 1219 1511 1264 111.;
1552 1216 1648 1258 val-

238 1291 381 1348 deque
412 1287 655 1331 dolendum
685 1292 776 1340 est,
829 1300 919 1328 non
949 1287 1102 1330 eadem
1133 1288 1369 1349 dilig-entia
1400 1291 1455 1332 ab
1485 1305 1538 1334 eo
1568 1290 1649 1333 do-

236 1367 358 1417 ceri,
413 1377 526 1420 quae
555 1361 798 1419 singularis
829 1374 984 1401 eorum
1014 1364 1155 1404 fuerit
1193 1364 1367 1407 indoles
1407 1371 1540 1421 atque
1569 1380 1649 1407 na-

236 1448 339 1482 tura
369 1441 564 1480 interna.
624 1435 870 1489 Simorum,
909 1437 999 1488 ait,
1037 1444 1128 1479 tres
1155 1439 1266 1480 libri
1296 1446 1425 1481 erant
1447 1441 1505 1495 ¹),
1538 1455 1647 1496 quo-

234 1529 338 1557 rum
377 1515 549 1568 primus
592 1510 751 1551 habuit
791 1506 1120 1560 αὐτοδιήγητον
1157 1510 1240 1559 τὴν
1280 1512 1543 1567 ἑρμηνείαν,
1603 1522 1648 1558 et

237 1584 588 1644 μονοπρόςωπον
615 1582 699 1631 τὴν
726 1582 923 1632 ποίησιν.
1008 1584 1135 1627 Haeo
1169 1588 1307 1629 verba
1346 1589 1409 1630 ita
1447 1603 1541 1631 esse
1580 1591 1649 1631 in-

236 1661 504 1721 telligenda,
564 1666 616 1700 ut
654 1660 823 1701 Timon
863 1662 911 1699 in
950 1663 1098 1715 primo
1137 1662 1257 1702 libro
1297 1676 1351 1703 ex
1389 1677 1469 1703 sua
1507 1665 1647 1720 ipsius

237 1750 432 1794 persona
476 1736 628 1794 ompia
669 1734 912 1788 protulisse
952 1735 1166 1775 continua
1206 1737 1411 1777 oratione
1454 1736 1646 1791 dicatur,

240 1827 296 1854 ex
325 1824 377 1852 eo
409 1809 696 1865 perspicitur,
729 1803 848 1861 quod
879 1802 933 1846 de
963 1806 1242 1862 reliquorum
1273 1810 1495 1853 librorum
1527 1826 1647 1854 com-

237 1887 465 1944 positione
507 1882 736 1934 subjunxit
775 1881 905 1939 Diog.
994 1881 1046 1922 In
1086 1884 1245 1938 quibus
1285 1883 1402 1926 dixit
1446 1887 1510 1929 ita
1552 1903 1648 1930 rem

238 1954 611 2004 institutam'esse
641 1971 668 1997 a
687 1957 902 2009 Timone,
940 1963 991 1999 ut
1020 1959 1116 2013 ipse
1144 1973 1227 2015 per
1256 1959 1525 2017 dialogicam
1555 1965 1647 2004 for-

237 2051 356 2078 mam
404 2049 427 2076 e
469 2033 748 2088 Xenophane
786 2031 1070 2088 Colophonio
1118 2047 1319 2089 quaeque
1369 2029 1645 2090 quaesiisset,

238 2112 318 2153 ille
345 2123 455 2153 vero
487 2109 574 2164 ipsi
604 2106 920 2163 respondisset.
990 2108 1260 2165 Xenophani
1290 2116 1437 2151 autem
1466 2113 1647 2166 potissi-

237 2200 359 2228 mum
400 2183 448 2224 id
488 2196 646 2224 munus
684 2182 929 2234 injunxisse
964 2182 1147 2224 videtur
1176 2184 1375 2238 Timon,
1435 2186 1648 2239 quoniam

237 2262 317 2304 ille
358 2266 403 2301 et
448 2259 543 2313 ipse
583 2257 712 2306 sillos
750 2258 1002 2313 composuit
1044 2255 1102 2298 ad
1146 2256 1419 2298 traducenda
1456 2257 1649 2300 Homeri

237 2331 519 2387 Hesiodique
573 2329 782 2388 dogmata
834 2330 1152 2388 mythologica.
1243 2330 1450 2371 Timonis
1500 2338 1647 2374 autem

237 2410 333 2452 silli
372 2421 475 2449 cum
515 2408 609 2446 fere
648 2407 799 2445 omnes
839 2407 1146 2462 perstringant
1179 2405 1214 2457 2)
1236 2435 1249 2456 ,
1309 2406 1385 2459 qui
1425 2419 1451 2445 a
1488 2407 1648 2461 primis

236 2482 342 2526 inde
381 2481 530 2524 initiis
570 2477 628 2521 ad
667 2480 807 2535 ipsius
836 2493 976 2535 usque
1005 2485 1208 2535 tempora
1238 2481 1286 2521 in
1314 2479 1649 2537 philosophiam

285 2600 320 2641 1)
353 2599 415 2635 Cf.
442 2596 583 2634 Suidas
609 2606 641 2632 s.
667 2606 700 2631 v.
731 2594 869 2641 Τίμων.

284 2666 321 2707 2)
350 2663 469 2711 Diog.
496 2662 565 2700 La.
590 2663 662 2699 IX.
687 2663 745 2706 12,
769 2662 850 2698 111.
875 2656 1017 2697 πάντας
1040 2656 1201 2708 λοιδορεῖ
1221 2657 1306 2696 τοῦς
1329 2656 1583 2707 &ayunt-axonis.
