1771 3043
1434 263 1506 317 37

89 409 280 459 nemen·-
339 400 485 455 Hujus
517 400 639 443 enim
667 397 826 457 oppidi
855 400 951 443 sive
977 402 1071 445 vici
1099 401 1214 445 civis
1240 400 1503 443 nominatur

90 472 379 523 Πιτανάτης,
423 477 478 517 cf.
510 465 761 532 Str—aboV.
795 488 837 530 Ρ.
868 467 971 520 2'50.
1004 476 1053 519 Β.
1080 508 1082 512 v
1113 474 1299 519 Herodi
1317 473 1397 518 IX.
1427 479 1498 522 53.

90 551 233 594 Thuc.
265 548 298 593 1.
319 555 401 601 203
431 550 643 593 Aeolicae
671 563 781 593 vero
810 551 937 593 urbis
967 553 1219 601 Πιταναῖος
1243 553 1290 606 ¹).
1352 536 1500 593 Etiaim

87 625 342 667 Arcesilaus
371 625 694 683 philosophus,
740 626 897 669 Pitana
928 634 1075 680 ortus,
1122 641 1387 684 quamquam
1418 638 1499 668 no-

88 700 290 741 minatur·
314 699 433 756 apud
461 701 594 760 Diog.
624 702 705 743 La.
722 702 778 744 V.
810 707 862 756 6,
892 708 964 749 28.
997 703 1252 750 Πιταναῖος
1280 704 1362 750 τῆς
1390 701 1497 741 Αἰο-

89 771 237 832 λίδος-ε
279 776 463 816 fuerunt
489 781 662 829 tamen,
700 778 779 833 qui
807 776 865 819 ad
892 777 1166 819 Laconicam
1195 775 1398 829 Pitanam
1426 788 1497 817 re-

85 849 283 901 ferrent,
306 850 383 889 Aes.
414 847 593 908 Menag.
623 848 680 891 ad
706 850 839 910 Diog.
871 852 900 892 1.
932 851 964 893 l.
1032 850 1265 892 Aeolicam
1293 848 1498 890 Pitanem

86 921 307 980 intelligit
335 924 471 963 etiam
499 920 755 983 Schweigh.
787 922 845 965 ad
871 923 1032 965 Athen.
1062 924 1096 965 Ι.
1134 938 1177 980 Ρ.
1209 928 1252 969 5.
1282 923 1335 965 Δ.
1408 922 1498 965 Sed

84 1009 142 1037 ne
170 997 236 1038 ita
264 996 445 1053 quidem
473 998 664 1058 mirum,
723 995 843 1053 quod
879 998 1075 1040 nominis
1113 1001 1261 1041 forma
1288 997 1499 1042 videatur

85 1070 268 1113 Dorica.
367 1072 484 1114 Nam
535 1072 656 1129 quod
700 1073 864 1116 Strabo
893 1073 1017 1115 VIII.
1059 1088 1101 1130 Ρ.
1133 1078 1236 1120 333.
1266 1073 1317 1115 A.
1364 1072 1495 1126 dicit,

84 1145 268 1190 eandem
307 1148 445 1189 fuisse
477 1147 690 1204 Doricam
721 1150 1095 1205 Aeolensiumque
1124 1148 1366 1192 dialectum
1387 1164 1400 1190 τ
1445 1146 1496 1189 id

84 1219 141 1263 de
168 1236 326 1281 magna
358 1224 592 1278 utriusque
628 1223 930 1269 similitudine
968 1225 1172 1280 accipere
1210 1223 1329 1264 nihil
1356 1227 1492 1265 vetat.

81 1296 272 1339 Athenis
312 1295 430 1339 idem
470 1296 657 1339 Matron
697 1304 999 1347 commoratus
1038 1303 1116 1339 est.
1205 1296 1412 1353 Namque
1450 1302 1496 1338 et

80 1371 243 1415 Athen.
274 1371 353 1415 1V.
393 1386 436 1428 p.
471 1372 656 1420 13451).
689 1374 947 1416 convivium
964 1405 978 1427 ,
1027 1372 1102 1415 cui
1143 1372 1355 1414 interfuit
1393 1372 1494 1425 iste3

82 1449 287 1508 nominat
332 1445 546 1487 Ἀττικὸν
598 1447 783 1488 δεῖπνον
804 1474 818 1495 ,
885 1453 932 1489 et
980 1448 1076 1504 ipse
1127 1446 1314 1488 Matron
1365 1459 1407 1488 v.
1447 1451 1490 1491 2.

82 1522 129 1566 ἐν
157 1509 369 1574 Ἀθήναις
408 1537 595 1576 coenam
637 1537 665 1566 a
701 1522 903 1581 Xenocle
944 1527 1146 1579 paratam
1189 1533 1285 1564 esse
1321 1514 1492 1563 diserte

80 1604 282 1640 testatur.
1439 1599 1445 1604 ”

699 1709 750 1778 g.
797 1706 854 1757 4.

310 1816 386 1854 DE
411 1811 667 1852 CARMINIS
692 1810 977 1849 MATRONEI
999 1810 1253 1849 RATIONE.

192 1901 249 1941 Et
288 1905 542 1954 poematum
583 1896 810 1936 Matronis
849 1909 1012 1935 nomen
1047 1895 1317 1946 ferentium,
1376 1907 1490 1948 quae

77 1980 338 2032 supersunt,
376 1975 651 2033 fragmenta,
682 1976 727 2011 et
755 1971 1077 2026 sempiternum
1107 1969 1200 2022 ejus
1230 1967 1485 2024 epitheton:

77 2051 101 2090 ὁ
132 2047 342 2104 παρῳδός
370 2048 605 2109 perspicue
634 2045 967 2111 demonstrant,
1016 2044 1172 2098 poesin
1202 2043 1294 2095 ejus
1323 2043 1363 2083 si
1393 2055 1485 2082 non

76 2118 216 2167 to⁸tam
238 2153 251 2178 ,
309 2122 502 2164 maxima
543 2126 691 2161 tamen
730 2132 786 2161 ex
813 2123 941 2174 parte
969 2122 1192 2159 versatam
1222 2129 1317 2158 esse
1347 2116 1400 2156 'in
1430 2128 1484 2157 eo

75 2212 266 2256 genere,
314 2194 435 2252 quod
461 2201 636 2236 veteres
665 2194 1011 2247 nominaverunt
1041 2189 1293 2243 παρῳδίαν.
1385 2189 1483 2244 Quo

76 2274 122 2315 in
162 2285 323 2333 genere
359 2284 459 2312 eum
500 2268 638 2310 fuisse
675 2266 957 2322 principem,
1013 2263 1103 2304 una
1144 2268 1212 2305 est
1246 2277 1337 2306 vox
1380 2277 1482 2305 cum

73 2347 294 2390 Athenaei
322 2344 635 2399 Eustathiique
657 2371 671 2393 ,
719 2347 814 2382 tum
846 2340 1147 2381 recentiorum
1168 2369 1182 2391 ‚
1236 2340 1315 2395 qui
1346 2337 1400 2380 de
1428 2352 1481 2380 eo

74 2428 291 2482 egerunt,
340 2420 613 2475 scriptorum
634 2418 683 2467 2).
775 2416 905 2472 Quod
935 2418 983 2457 in
1013 2416 1159 2471 capite
1187 2417 1337 2472 primo
1367 2414 1479 2468 dixi,

72 2496 415 2555 magnificorum
437 2494 679 2536 verborum
708 2505 948 2549 rerumque
975 2493 1134 2534 vilium
1165 2492 1223 2532 iis
1253 2505 1480 2546 expressa-

118 2629 156 2672 1)
172 2627 325 2675 steph.
350 2628 449 2675 Byz.
477 2626 525 2663 de
549 2625 635 2662 urb.
659 2622 825 2673 Πιτάνη,
851 2623 960 2660 πόλις
980 2622 1169 2669 Αἰολίδος,
1194 2621 1215 2660 ὅ
1237 2623 1386 2671 πολίτης
1402 2630 1477 2663 Πι-

183 2691 344 2727 cavatae.

114 2756 155 2800 2)
191 2756 240 2792 H.
264 2754 412 2804 Steph}
428 2756 542 2795 Hom.
569 2764 610 2795 et
633 2757 728 2794 Hes.
754 2755 858 2794 Cert.
898 2767 936 2804 p.
946 2756 1006 2793 81.
1054 2754 1189 2794 Moser
1215 2756 1244 2794 1.
1271 2756 1298 2793 l.
1323 2769 1360 2805 Ρ.
1372 2759 1455 2797 293.
