1771 3043
193 172 261 228 14

191 315 313 352 ctum
341 311 494 353 velim.
554 309 652 351 Nec
679 309 844 357 seimus
871 307 1154 365 eninm-quis
1183 308 1356 365 primus
1380 323 1459 352 eas
1488 321 1607 350 com·
1644 331 1648 333 -

189 387 423 440 posuerit,
467 392 513 428 et
540 386 663 444 scire
686 398 780 427 nos·
798 397 890 429 uon
918 399 1049 441 posse
1077 382 1243 427 docent
1264 397 1348 439 ea,
1374 399 1506 440 qnae
1535 396 1607 425 su-

188 472 272 514 pra
301 458 356 502 de
384 473 538 502 earum
570 458 757 518 origine
778 456 1019 515 disputavi.
1116 503 1121 510 .
1365 478 1367 480 ·
1538 468 1552 475 ·

304 533 373 577 De
389 533 704 590 Hipponactis
732 534 829 576 vita
860 538 906 575 et
934 533 1115 587 scriptis
1151 533 1254 591 egit
1280 532 1518 576 Welcker.
1549 536 1606 576 li-

189 606 298 659 bro,
338 620 471 663 quem
502 605 699 652 laudan.
790 602 1087 647 Parodiarum
1116 606 1220 660 ejus
1222 633 1271 661 ,
1265 590 1390 663 qu'as
1421 618 1605 648 consen-

188 688 371 726 taneum
398 687 466 726 est
493 696 564 726 me
586 682 814 735 respicere
843 678 961 720 solas
977 706 1017 730 ,
1029 680 1334 738 frag-mentum
1363 692 1501 722 unum
1532 694 1603 722 re-

186 760 278 797 stat
305 747 426 812 apud
452 754 612 797 Athen.
644 751 758 794 XV.·
789 765 832 808 p.
856 754 959 798 698.
989 751 1038 793 Β.
1085 741 1410 811 οἶ.,νῖβ1ᾳ1ιοι·.
1439 767 1497 811 p.
1528 758 1600 800 79.

185 829 289 876 Hoc
326 831 367 879 si
399 829 581 871 Polemo
621 814 740 884 apud
772 828 934 875 Athen.
982 830 1012 871 l.
1044 831 1074 871 l.
1119 835 1314 871 sumtum
1349 843 1444 879 esse
1489 827 1603 871 dicit

187 917 243 945 ex
270 903 572 959 Hipponactis
602 902 901 955 hexametris,
924 952 926 954 r
952 901 1145 953 'videtur
1171 902 1416 956 discrimen
1444 904 1600 961 fecisse

185 981 308 1022 inter
335 979 574 1035 parodias,
630 984 683 1019 ut
711 983 1060 1018 consentaneum
1088 982 1178 1028 est,
1237 977 1424 1021 heroico
1451 985 1598 1022 metro

184 1054 454 1110 compositas
492 1058 539 1096 et
576 1052 777 1094 carmina
805 1050 1352 1107 Hipponactisdambica.
1442 1051 1599 1105 Neque

184 1131 306 1170 enim
344 1134 525 1183 praeter
564 1127 651 1167 hoc
695 1131 840 1167 exstat
860 1127 1181 1183 'fragmentum
1228 1127 1595 1180 hexametricum.

182 1202 252 1246 De
281 1208 444 1249 natura
472 1216 582 1245 vero
618 1207 663 1243 et
701 1199 855 1243 indole
889 1198 1179 1257 parodiarum
1200 1217 1265 1245 <ex
1295 1204 1596 1245 minutissimo

181 1281 436 1336 fragmento
474 1279 554 1320 vix
588 1278 760 1332 poterit
798 1276 1042 1332 quidquam
1065 1278 1257 1335 -colligi.
1344 1277 1471 1319 Haec
1500 1284 1597 1319 tan-

180 1358 278 1395 tum
314 1352 682 1408 perspiciuntur,
743 1356 789 1393 et
815 1352 1143 1409 fragmentum,
1205 1344 1326 1407 quod
1368 1357 1594 1394 servatum

180 1433 276 1478 est,
336 1427 486 1471 fuisse.
519 1426 567 1485 in
607 1426 743 1468 initio
781 1425 996 1469 carminis
1033 1426 1259 1479 positum,
1320 1432 1365 1467 et
1409 1428 1593 1468 omnino

180 1501 268 1543 hoc
298 1500 347 1541 in
378 1504 583 1556 poemate
612 1499 818 1541 versibus
847 1500 1088 1541 maximam
1132 1506 1306 1554 parbem
1334 1500 1593 1543 Homericis

178 1576 365 1615 irrisum
410 1587 504 1615 esse
541 1573 779 1615 heluonem
814 1572 1036 1628 quendam
1072 1574 1253 1622 nomine
1291 1573 1594 1631 Eurymedon-f

177 1649 238 1689 tis
267 1646 547 1703 praeditum,
584 1647 658 1688 vel
688 1647 834 1692 filium
863 1646 1444 1701 Eurymedontis-(fluctuat
1473 1651 1593 1693 enim

178 1721 352 1774 lectio),
384 1720 609 1776 quomodo
635 1721 754 1762 diem
780 1721 948 1762 obierit
967 1735 1235 1776 supremum.
1283 1720 1414 1775 Quod
1437 1736 1591 1778 quam-

177 1810 311 1853 quam
342 1794 542 1839 dictione
571 1797 855 1852 potissimum
886 1780 1132 1836 Homerica
1161 1797 1329 1847 factum
1357 1802 1445 1849 est,
1474 1810 1591 1839 rnon

174 1879 325 1914 tamen
345 1872 573 1914 continuit
589 1885 636 1912 se
657 1877 791 1925 poeta
810 1884 836 1911 a
855 1870 1006 1912 verbis
1029 1870 1210 1912 sibimet
1233 1872 1321 1926 ipsi
1345 1877 1391 1913 et
1409 1870 1590 1927 quidem

172 1948 281 1990 satis
311 1944 527 1988 audacter
556 1952 601 1988 et
629 1943 823 1987 ridicule
854 1945 972 1987 fictis
1009 1951 1054 1987 et
1088 1946 1210 1989 inter
1238 1961 1284 1988 se
1314 1948 1587 2002 compositis.

173 2019 329 2074 Itaque
351 2021 399 2059 in
422 2020 508 2060 hoc
525 2032 701 2074 quoque
719 2018 919 2058 carmine
938 2019 1139 2060 moribus
1155 2022 1248 2061 suis
1265 2027 1470 2074 constans
1487 2035 1588 2076 per-

173 2094 360 2134 strinxit
384 2093 631 2148 Hipponax
661 2107 752 2134 non
775 2090 957 2148 quidem
979 2091 1252 2147 Homerum,
1282 2094 1361 2137 sed
1384 2094 1586 2144 Homero

170 2180 277 2208 usus
301 2167 546 2209 helnonem
566 2167 830 2215 voracitatis
855 2179 1020 2222 poenas
1044 2165 1233 2210 dantem.
1293 2168 1358 2210 Ac
1377 2172 1586 2227 profecto

172 2241 532 2294 considerantes,
565 2250 842 2299 quantopere
860 2241 996 2286 distet
1010 2244 1360 2286 Homericorum
1376 2232 1586 2288 versuum

169 2315 425 2357 sublimitas
455 2329 481 2356 a
509 2317 593 2358 vili
624 2330 799 2369 rerum,
845 2331 953 2373 quas
982 2319 1263 2374 exprimunt,
1299 2318 1583 2376 humilitate,

168 2405 261 2432 non
300 2405 535 2446 possumus
565 2406 656 2433 non
687 2391 840 2435 dolere
870 2393 1099 2449 perditum
1128 2394 1261 2435 nobis
1289 2407 1382 2436 esse
1410 2409 1583 2451 poema,

165 2464 362 2520 prodens
392 2463 510 2507 illud
540 2465 722 2521 quidem
756 2468 1065 2525 Hipponacta,
1111 2470 1190 2524 qui
1222 2468 1335 2510 alias
1371 2474 1584 2526 tanquam
1605 2521 1615 2526 -

166 2540 480 2581 acerbissimus
500 2540 952 2600 mordacissimusque
977 2556 1069 2584 non
1093 2543 1190 2585 sine
1212 2543 1326 2596 justa
1346 2557 1479 2586 causa
1503 2556 1584 2584 no-

164 2618 300 2667 tetur,
332 2614 521 2657 eundem
540 2618 736 2660 valuisse
766 2619 1000 2662 hilaritate
1029 2620 1290 2679 ingeniique
1319 2618 1578 2680 festivitate.

1740 557 1771 614 Ἰ
