1771 3043
250 190 321 243 56

249 342 332 370 nus
373 329 508 387 longa
543 328 924 384 philosophorum
963 330 1101 371 series
1139 330 1342 373 taedium
1383 338 1568 379 afferret
1606 334 1671 378 le'-

248 403 470 462 gentibus.
534 402 697 457 ·Cujus
737 400 921 458 quidem
959 400 1133 462 dialogi
1175 417 1443 462 quamquam
1474 412 1671 469 in‘frag..

249 480 412 520 mentis
443 478 619 518 nullum
650 483 823 518 certum
852 477 1095 536 vestigium
1125 479 1335 521 relictum
1368 489 1459 523 est:
1522 491 1670 527 tamen

246 553 353 595 inde
393 551 710 610 explicandum
757 549 942 594 videtur
965 581 978 603 ,
1039 552 1159 608 quod
1196 553 1316 596 Sext.
1349 555 1471 613 Emp.
1505 557 1666 613 Pyrrh.

243 629 364 684 Hyp.
398 629 431 670 I.
464 633 567 673 224.
600 629 770 669 Fabric.
808 625 949 666 dicit:
1007 624 1053 666 ἐν
1084 628 1280 676 πολλοῖς
1312 629 1554 678 ἐπαινέσας
1587 631 1668 670 τὸν

244 701 531 758 Ξενοφάνην,
565 704 621 750 ὡς
651 700 727 741 καὶ
749 697 860 748 τοὺς
883 697 1077 749 σίλλους
1101 701 1230 755 αὐτῷ
1250 701 1513 751 ἀναθεῖναι,
1546 703 1676 743 §aaa

242 793 351 827 ησεν
383 776 530 818 αὑτὸν
562 774 842 833 ὀδυρόμενον.
863 775 941 815 καὶ
986 775 1185 829 λέγοντα
1216 780 1298 820 etc.
1387 778 1476 821 Sed
1513 781 1665 837 singu-

242 855 312 898 los
344 855 509 904 libros,
570 852 772 907 quamvis
812 852 941 892 varia
971 853 1146 905 forma,
1207 852 1384 895 easdem
1413 860 1575 895 tamen.
1594 867 1665 895 res

240 934 456 975 tractasse
485 932 637 968 monet
667 926 797 984 Diog.
830 925 1024 967 La..1X.
1060 933 1130 979 12,
1166 932 1260 973 111.

206 991 208 995 Ι
354 1003 407 1044 In
437 1004 697 1043 universum
729 1003 1008 1055 putaverim,
1040 1004 1187 1044 >inter
1215 1003 1347 1044 sillos
1377 1002 1662 1058 reliquasque

238 1076 454 1133 parodias
486 1075 1044 1118 discrimenintercedere
1083 1078 1233 1118 simile
1272 1079 1372 1127 isti,
1437 1076 1557 1132 quod
1595 1082 1661 1117 est

238 1150 491 1193 Hesiodum
522 1152 643 1190 inter
673 1155 717 1190 et
747 1150 1012 1192 Homerum.
1088 1150 1281 1192 Homeri
1312 1152 1432 1193 enim
1462 1151 1661 1191 carmina

240 1232 287 1269 et
316 1225 542 1266 Matronis
574 1224 681 1277 (quo
713 1229 923 1278 tanquam
956 1225 1163 1279 principe
1192 1226 1317 1277 utor)
1356 1237 1447 1264 non
1487 1222 1543 1264 ad
1574 1224 1658 1264 ali-

239 1315 317 1341 um
346 1300 477 1341 finem
510 1298 759 1352 composita
790 1304 920 1350 sunt,
970 1300 1059 1339 uisi
1091 1300 1167 1355 qui
1198 1300 1245 1338 in
1275 1300 1387 1354 ipsis
1417 1299 1529 1339 sittis
1560 1304 1654 1348 est5

237 1376 333 1416 silli
376 1380 524 1413 autem
555 1371 835 1426 Hesiodique
873 1373 1073 1416 carmina
1109 1386 1161 1413 ea
1205 1372 1261 1413 de
1300 1385 1431 1413 causa
1469 1373 1655 1428 *potissi-

237 1463 360 1490 mum
389 1449 636 1501 composita
669 1454 794 1499 sunt,
835 1451 898 1487 ‘ut
926 1447 998 1489 vel
1030 1446 1241 1498 doceant,
1287 1447 1360 1488 vel
1393 1447 1557 1487 tollant
1586 1459 1652 1496 ea,

236 1537 350 1579 quae
386 1523 440 1562 ab
486 1522 587 1561 aliis
635 1520 767 1585 docta
806 1528 922 1562 sunt.
969 1539 971 1543 ¹
1015 1519 1339 1577 Sinossigitur
1362 1548 1375 1572 ‚
1437 1526 1653 1574 quatenus

235 1594 449 1654 parodice
478 1596 776 1650 compositos,
818 1609 909 1636 non
940 1595 1014 1646 in*>
1060 1595 1062 1597 ’
1168 1595 1368 1636 ocaveris
1411 1591 1654 1642 didacti-¹

235 1686 322 1713 cas
363 1668 652 1727 parodias.
997 1672 1029 1709 ,3.

350 1745 587 1786 Timonem
618 1754 751 1793 vero,
810 1746 861 1781 ut
892 1747 989 1782 erat
1019 1743 1230 1787 acerrimi
1263 1743 1436 1800 ingenii
1458 1743 1522 1795 1),
1581 1744 1650 1783 fu-

231 1834 342 1882 gere
372 1833 460 1860 non
490 1822 764 1872 potuerunt,
803 1830 916 1871 quae
945 1831 1106 1873 parum
1137 1824 1258 1858 certa
1288 1823 1433 1859 essent
1461 1819 1510 1857 in
1540 1815 1650 1876 dog-

231 1895 408 1937 maticis
451 1891 829 1947 philosophorum
869 1893 1134 1944 systematis.
1227 1893 1293 1933 De
1332 1892 1492 1947 quibus
1532 1892 1648 1946 judi-

228 1971 350 2011 cium
389 1967 497 2007 tulit
540 1965 805 2021 plerumque
858 1977 964 2005 sane
1015 1964 1314 2019 maledicum,
1373 1965 1451 2008 sed
1496 1973 1646 2011 tamen
1672 1978 1682 1981 “

228 2056 411 2084 munere
443 2043 508 2080 ita
537 2042 715 2079 functus
747 2044 837 2089 est,
897 2044 948 2078 ut
996 2040 1043 2079 in
1083 2041 1311 2095 plerisque
1342 2055 1437 2082 rem
1468 2056 1551 2082 acu
1579 2048 1645 2081 tass-

228 2123 346 2158 ctam
393 2128 485 2156 esse
528 2113 736 2163 fatearis,
799 2117 843 2151 et
882 2125 994 2166 quae
1048 2115 1378 2156 recentioribus
1426 2116 1644 2157 historiae

225 2191 568 2246 philosophicae
628 2189 789 2241 peritis
844 2188 1104 2230 hominibus
1159 2191 1424 2232 viderentur
1471 2204 1642 2233 summa

226 2271 359 2320 atque
392 2264 517 2319 quasi
550 2260 686 2317 cardo
716 2261 1024 2327 philosophici
1055 2266 1307 2317 systematis
1336 2265 1409 2306 vel
1440 2265 1641 2320 ipsorum

225 2340 603 2394 philosophorum
641 2339 777 2388 vitia,
839 2339 990 2380 eadem
1033 2341 1103 2381 vel
1138 2341 1305 2380 Timon
1342 2341 1638 2397 impugnaret.

225 2414 292 2456 Ita
345 2416 391 2455 in
443 2416 600 2470 fragm.
651 2412 769 2467 apud
809 2414 940 2472 Diog.
983 2416 1063 2456 La.
1106 2414 1182 2457 IX.
1226 2421 1273 2467 1,
1315 2418 1356 2460 6.
1402 2417 1639 2460 Heraclito

221 2491 415 2546 Ephesio
444 2495 686 2531 vertuntur
714 2489 829 2530 vitio
869 2496 965 2530 tum
996 2491 1230 2532 fastidiosa
1260 2494 1400 2533 animi
1431 2494 1640 2548 superbia

267 2605 303 2649 1)
337 2603 455 2649 Diog.
483 2600 552 2637 La.
591 2601 660 2638 IX.
689 2604 755 2648 12,
782 2603 861 2640 112.
896 2596 941 2649 ἦν
974 2598 1019 2640 δὲ’
1038 2608 1099 2640 καὶ
1131 2595 1214 2647 ὅξῦς
1245 2603 1373 2651 νοῆσαι
1407 2609 1466 2642 καὶ
1500 2603 1637 2653 διαμυ-

336 2668 504 2712 κτηρίσαι
