1771 3043
128 361 270 405 ›fidem
294 363 548 407 habendam
583 372 698 418 esse,
758 366 922 420 opinor
930 369 944 419 3
992 365 1065 408 vel
1094 379 1151 407 ex
1180 364 1252 407 his
1281 366 1546 424 frag-mentis

137 437 424 496 intelligitur.
485 439 643 496 Neque
671 452 783 495 opus
813 445 880 481 est
900 453 1107 492 monere,
1138 445 1330 495 quantae
1356 442 1544 483 facetiae

137 512 230 552 sint
257 512 306 553 in
335 526 413 566 eo,
443 512 565 570 quod
594 514 693 569 ipse
716 513 881 573 ,fig-ulus
911 512 1081 554 dicitur
1109 513 1328 564 Πηλείδης
1352 516 1400 569 ¹).

628 737 895 830 CAPUT
935 739 1046 797 IX.

506 837 818 900 BOEOTUS
879 846 1176 901 SICULUS.

257 1010 363 1065 Non
384 1011 561 1067 ‘plura,
618 1026 751 1068 quam
788 1011 844 1053 de
886 1012 1089 1067 Euboeo,
1152 1017 1246 1072 ipse
1287 1017 1381 1060 Pol.
1427 1021 1547 1076 apud

140 1084 303 1128 Athen.
329 1085 520 1127 tradidit
541 1085 596 1130 de
617 1080 800 1145 Boeoto.
846 1087 977 1128 Dixit
987 1087 1301 1143 quidem,XV.
1324 1106 1365 1149 p.
1380 1097 1481 1140 698.
1494 1096 1544 1138 B.

142 1158 322 1215 γράψαι
351 1159 585 1215 παρῳδίας
615 1167 661 1201 et
685 1163 855 1216 ipsum,
910 1176 991 1203 nec
1022 1163 1165 1204 laudis
1195 1165 1375 1208 Euboeo
1405 1169 1549 1210 tribu-

142 1241 214 1277 tae
254 1232 455 1289 (λογίους
494 1231 552 1276 οἳν
595 1232 794 1289 φῆσαιμι
838 1232 915 1275 διὰ
953 1233 1010 1275 τὸ
1056 1235 1237 1289 παίζειν
1277 1239 1551 1294 ἀμφιδεξίως

142 1308 220 1349 καὶ
258 1311 350 1349 τῶν
375 1306 735 1365 προγενεστέρων
778 1313 981 1357 ποιητῶν
1021 1311 1282 1368 ὑπερέχειν)
1324 1322 1552 1370 expertem

143 1399 244 1437 eum
272 1383 498 1438 reddidit,
529 1383 607 1427 sed
634 1392 868 1441 praeterea
898 1388 993 1441 ipse
1025 1386 1204 1441 quidem
1225 1388 1344 1429 nihil
1374 1389 1549 1443 adjecit.

142 1459 269 1502 Unde
298 1462 463 1501 factum
494 1465 580 1511 est,
636 1466 689 1501 ut
716 1461 886 1502 Fabric.
916 1459 950 1501 Ι.
996 1474 1040 1514 p.
1068 1465 1166 1505 550.
1212 1462 1330 1503 nihil
1373 1463 1549 1519 habeat,

144 1538 236 1578 nisi
280 1536 419 1578 haec:
482 1534 704 1577 »Boeotus
748 1532 926 1589 quidam
967 1534 1258 1588 parodiarum
1296 1538 1505 1592 scriptor.
1524 1553 1546 1577 «

144 1609 234 1652 Sed
287 1599 431 1652 exstat
477 1608 752 1666 epigramma
798 1592 997 1663 elegiaco
1047 1613 1191 1650 metro
1245 1606 1552 1667 conscriptum

144 1683 600 1736 AlexandriAetoli,
639 1688 865 1725 servatum
893 1680 1011 1736 apud
1040 1682 1227 1723 eundem
1256 1684 1418 1727 Athen.
1448 1685 1550 1728 XV.

145 1775 189 1817 p.
222 1763 324 1806 699.
356 1756 433 1810 C.,
492 1756 613 1814 quod
646 1756 806 1799 Boeoti
840 1755 1120 1812 epitaphium
1158 1758 1293 1800 fuisse
1330 1772 1421 1802 non
1455 1761 1553 1803 sine

145 1835 247 1878 veri
281 1836 430 1890 specie
467 1833 660 1886 conjecit
702 1833 765 1884 is,
821 1832 901 1894 qui
929 1844 1072 1885 nuper
1098 1832 1224 1874 Alex.
1254 1834 1407 1876 Aetoli
1436 1837 1555 1893 frag-

145 1915 295 1951 menta
326 1908 512 1967 collegit
531 1907 580 1961 ²).
654 1906 785 1962 Quod
814 1919 1080 1963 quamquam
1109 1905 1280 1947 mendis
1309 1908 1377 1948 sic
1406 1906 1554 1950 defor-

147 1991 315 2026 matum
344 1984 456 2034 fuit,
508 1987 560 2022 ut
589 1982 677 2036 ipsi
707 1979 968 2023 casaubono
1003 1982 1200 2031 »animus
1231 1980 1421 2034 deesset,
1477 1996 1553 2025 eo-

147 2071 249 2099 rum
278 2055 635 2099 emendationem
665 2051 981 2112 aggrediendi,
1038 2059 1084 2093 et
1121 2067 1233 2109 quae
1263 2056 1311 2095 in
1342 2068 1396 2096 eo
1426 2069 1553 2097 mon-

146 2140 238 2175 stra
269 2136 441 2182 essent,
480 2126 791 2169 debellandi«:
836 2133 985 2168 tamen
1015 2127 1156 2179 ipsius
1187 2126 1440 2170 Casauboni
1469 2130 1553 2170 ali-

148 2217 366 2260 orumque
411 2201 618 2244 doctrina
664 2205 710 2243 et
750 2198 906 2241 divino
948 2212 1088 2255 paene
1137 2202 1342 2244 acumine
1385 2204 1554 2245 factum

194 2322 231 2365 1)
249 2318 491 2357 -Simillimus
527 2317 635 2353 lusus
668 2322 728 2352 est
764 2315 802 2351 in
835 2315 1017 2351 Batrach.
1052 2315 1096 2351 19
1127 2321 1167 2350 et
1199 2315 1271 2351 209
1296 2338 1308 2358 ‚
1356 2313 1425 2349 ubi
1461 2324 1555 2351 rann

263 2385 448 2431 quaedam
481 2382 695 2420 nominatur
717 2377 863 2427 Πηλιῦς
894 2388 932 2418 et
956 2380 1062 2417 filius
1089 2380 1172 2425 ejus
1197 2377 1377 2424 Πηλείων.
1448 2378 1554 2416 Aliis

260 2448 377 2484 etiam
400 2448 503 2493 jocis
529 2457 655 2483 ansam
681 2446 746 2482 dat
769 2433 842 2481 iste
867 2438 1028 2481 Peleus.
1103 2443 1179 2481 Qui
1216 2443 1283 2479 ubi
1308 2443 1555 2491 componitur

265 2523 348 2547 cum
375 2512 531 2557 Oeneo,
584 2510 669 2559 ipse
703 2511 836 2549 cadum
861 2510 1077 2558 significat,
1128 2507 1195 2544 hic
1222 2507 1349 2544 vinum
1375 2507 1471 2543 cado
1496 2506 1557 2544 in-

264 2576 422 2613 clusum.

194 2639 233 2682 2)
263 2639 381 2676 Alex.
404 2639 549 2677 Aetoli
585 2641 799 2688 fragmenta
830 2639 1000 2677 collecta
1034 2643 1074 2675 et
1106 2634 1306 2675 illustrata
1340 2635 1389 2673 ab
1418 2636 1556 2686 Aloys.

262 2703 554 2752 Capellmanno.
603 2707 763 2743 Bonnae
786 2705 891 2743 1830.
938 2715 978 2752 p.
1004 2703 1062 2740 39.
