1771 3043
208 210 279 265 68

330 346 484 388 Restat
504 377 516 399 ,
576 352 629 388 ut
659 354 868 389 'moneam
898 347 1173 401 de-errore,
1231 352 1281 391 in
1311 365 1442 406 quem
1471 347 1636 412 incidit

208 421 382 466 Scholl.
400 423 511 464 hist.
537 423 607 465 lit.
640 422 721 465 Gr.
755 423 811 465 ΙΙ.
842 437 886 480 p.
906 427 979 469 41.
1011 421 1165 466 dicens
1184 422 1634 482 Timonem,·quam-·

210 498 282 541 vis
312 497 510 555 benigno
550 497 751 552 hospitio
790 503 1025 553 exceptum
1063 510 1090 537 a
1119 497 1376 539 Ptolemaeo
1409 498 1635 542 Philadel-

211 572 330 629 pho,
392 573 590 631 gratiam
627 573 838 614 retulisse
877 586 1000 623 eam,
1051 571 1108 612 ‘ut
1146 584 1328 614 carmen
1366 570 1637 616 maledicum

208 653 508 701 componeret
536 652 697 702 contra
725 645 936 699 Museum
965 644 1346 694 Alexandrinum
1388 644 1509 700 quod
1538 658 1637 688 car-

210 733 317 762 men
365 726 570 765 recenset
606 724 789 776 praeter
833 720 976 766 sillos.
1066 719 1304 762 Servatum
1342 718 1531 776 quidem
1569 725 1638 765 est

212 793 425 841 Timonis
455 796 782 851 fragmentum,
814 793 863 832 in
893 806 982 847 quo
1012 792 1310 848 philosophos
1334 792 1491 835 Musei.
1516 806 1636 835 com-

212 874 346 924 parat
387 882 490 910 cum
531 866 689 910 avibus
732 866 947 922 pretiosis
986 866 1036 907 in
1072 879 1208 909 cavea
1247 868 1458 918 nutritis,
1516 864 1637 923 apud

211 941 376 984 Athen.
409 941 442 982 Ι.
496 955 541 996 p.
572 945 644 985 22.
677 941 731 981 D.
769 939 844 992 (cf.
875 939 1077 981 Eustath.
1124 954 1167 995 p.
1202 943 1335 992 1488,
1366 943 1460 993 61.)
1545 939 1638 981 Sed

211 1030 296 1059 nec
326 1017 518 1058 materia
548 1015 658 1057 haee
688 1011 853 1057 idonea
889 1020 988 1067 est,
1047 1028 1103 1057 ex
1143 1029 1231 1070 qua
1271 1016 1499 1074 integrum
1538 1026 1637 1071 car-

210 1104 319 1133 men
347 1097 677 1147 componatur,
720 1104 803 1151 nec
833 1089 1078 1147 quidquam
1107 1088 1228 1146 apud
1255 1089 1417 1132 Athen.
1448 1089 1522 1132 vel
1550 1088 1638 1129 Eu·-

213 1166 349 1208 stath.
398 1150 669 1209 sen'tent'iam
707 1179 813 1209 eam
861 1166 1111 1207 confirmat.
1201 1163 1262 1207 Ut
1298 1164 1409 1216 haec
1459 1177 1530 1206 res
1571 1168 1639 1205 est
1674 1209 1691 1214 „

216 1240 464 1295 ejusmodi,
496 1256 610 1298 quae
639 1243 690 1283 in
719 1243 838 1284 sillis
866 1243 1005 1284 fuisse
1033 1242 1195 1298 possit,
1226 1241 1292 1281 ita
1321 1239 1439 1280 sillis
1468 1238 1640 1281 adseri-

208 1314 410 1362 ,bendum
440 1331 535 1359 esse
563 1323 675 1373 puto
705 1318 793 1360 hoc
821 1309 1135 1378 fragmentum.
1225 1316 1345 1359 Idem
1375 1315 1634 1358 Schiill...11.

213 1403 257 1446 p.
290 1394 391 1437 105.
442 1391 684 1435 Timonem
737 1395 1041 1451 eomposuisse
1085 1392 1200 1435 dicit
1245 1392 1540 1450 parodiarum
1579 1393 1638 1434 li-

212 1465 371 1519 brum,
432 1466 513 1508 sed
542 1482 633 1509 non
662 1474 799 1511 recte.
888 1468 982 1528 Ego
1022 1466 1205 1524 quidem
1234 1469 1327 1522 ejus
1357 1469 1427 1510 rei
1457 1468 1634 1509 nullum

212 1542 456 1600 vestigium
486 1542 641 1585 inveni
671 1541 792 1599 apud
819 1548 995 1586 veteres
1024 1544 1283 1600 scriptores.

313 1607 542 1661 Ceterum
582 1617 705 1674 quod
741 1619 875 1679 Diog.
906 1620 987 1663 La.
1019 1618 1097 1661 IX.
1132 1624 1209 1672 12,
1242 1624 1340 1666 110.
1388 1618 1523 1661 dicit:
1583 1615 1640 1667 ἦν

212 1688 261 1732 δὲ
290 1690 369 1731 καὶ
400 1690 688 1745 φιλοπότης,
747 1692 797 1734 id
835 1694 974 1735 nimis
1013 1693 1173 1736 acerbe
1204 1698 1294 1735 non
1326 1698 1419 1736 esse
1449 1692 1635 1746 dictum,

215 1764 351 1807 docet
377 1766 540 1809 Athen.
571 1766 628 1809 X.
674 1774 717 1823 p'.
749 1769 852 1814 438.
885 1766 962 1821 Δ.,
1004 1770 1290 1824 'quamquam
1318 1766 1438 1810 idem
1468 1768 1637 1811 Timon

195 1840 462 1883 'invehatur
491 1840 611 1897 apud
640 1842 801 1884 Athen.
822 1842 879 1885 X.
910 1845 1075 1899 p.445.
1093 1842 1140 1883 Ε.
1173 1843 1222 1883 in
1252 1856 1351 1896 eos,
1390 1844 1469 1899 qui
1498 1844 1635 1885 nimis

212 1915 389 1975 largam
414 1917 514 1959 vini
545 1918 726 1974 copiam
754 1916 982 1961 hauriant.
1026 1898 1172 1973 ‘Apud
1189 1918 1353 1960 Athen.
1379 1918 1524 1977 igitur
1551 1918 1582 1959 1.
1599 1917 1633 1960 l.

204 1998 450 2045 narratur,
506 1992 749 2036 Timonem
779 2000 825 2037 et
853 1991 1104 2049 Lacydem,
1161 1998 1404 2050 utrumque
1431 1993 1634 2050 philoso-

212 2066 384 2123 phum,
442 2066 628 2109 bibendi
674 2069 925 2112 instituisse
963 2076 1212 2113 certamen.
1301 2069 1355 2111 In
1396 2071 1486 2126 quo
1532 2082 1636 2112 eum

213 2142 371 2197 priore
417 2139 491 2183 die
530 2142 700 2184 Timon
746 2148 1023 2199 reportasset
1063 2143 1308 2187 victoriam
1322 2174 1338 2198 ,
1397 2144 1635 2185 abeuntem

213 2216 391 2260 ebrium
421 2216 650 2273 Lacydem
680 2219 768 2262 hoe
796 2219 1048 2263 Homerico
1076 2231 1212 2263 versu
1246 2222 1631 2275 persecutusest:

369 2292 608 2348 Ἠράμεθα
638 2291 756 2348 μέγα
782 2295 941 2349 κῦδος,
977 2292 1234 2348 ἐπέφνομεν
1255 2291 1455 2345 “En-topos
1482 2290 1598 2340 δῖον.

329 2370 492 2413 Altero
523 2376 674 2412 autem
704 2368 779 2412 die
808 2383 945 2425 quum
961 2369 1254 2425 propinatum
1282 2367 1493 2424 poculum
1522 2367 1632 2409 hau-

211 2446 308 2487 rire
338 2459 431 2487 non
462 2451 613 2501 posset
642 2444 831 2496 Timon,
887 2444 1124 2486 cavillatus
1154 2448 1222 2484 est
1247 2454 1350 2484 eum
1378 2440 1632 2486 adversari-

212 2535 265 2563 us
295 2521 382 2564 hoc
410 2535 566 2565 versu:

368 2594 616 2645 Δυστήνων
648 2593 697 2636 δέ
725 2607 776 2636 τε
805 2591 965 2643 παῖδες
993 2589 1083 2648 ἐμῷ
1112 2589 1235 2648 μένει
1262 2588 1523 2634 ἀντιόωσιν.
1567 2592 1570 2594 ’
