1771 3043
239 220 317 272 >38

250 369 352 397 rum
398 347 686 413 oppositione
721 350 956 395 'contineri
997 350 1283 405 potissimum
1320 351 1416 393 vim
1458 346 1673 407 pandiae

252 431 498 471 comicam.⁹
540 428 590 470 id
620 442 755 484 quam
785 423 1132 469 maximevalet
1161 423 1216 466 de
1244 423 1496 468 Mati-one„
1537 422 1673 478 ·-Qui-

252 504 334 544 bus
380 504 501 544 enim
529 503 683 545 verbis
722 499 843 557 apud
873 499 1124 539 Homerum
1154 495 1226 537 dii
1252 494 1673 539 deseribuntur-eo-

254 590 446 631 rumque
476 579 596 618 facta
626 584 673 619 et
701 589 918 627 munera,
976 573 1051 616 vel
1081 572 1241 623 heroes
1271 571 1494 612 acerrime
1509 569 1674 612 :decer-

254 657 431 693 tantes:
480 650 642 693 iisdem
672 665 778 694 usus
809 649 1094 693 estMatron
1123 644 1181 687 ad
1200 641 1675 717 depingendum-‚coe-

253 740 337 767 nae
368 726 580 785 cupedvias
600 757 613 778 ‚
663 727 813 768 officia
842 736 1111 774 servorum,
1158 721 1464 772 convivarum.
1482 715 1676 771 denique

256 797 313 840 de
343 800 459 841 cibis
493 801 740 842 certamina
762 798 810 853 ¹).
892 789 1028 852 Cujus
1067 797 1137 837 rei
1157 794 1389 851 exempla
1413 791 1527 833 libet
1544 789 1676 832 *haec

256 875 443 917 afferre:
484 888 525 915 v.
562 879 633 926 12,
664 878 738 925 33,
772 879 846 926 50,
877 877 948 918 95.
1008 868 1185 912 Deinde
1214 870 1300 911 etsi
1328 864 1519 923 pat-odia
1548 866 1677 922 igno-

248 953 353 988 -tum
385 946 607 1002 quendam
637 951 906 1006 scriptorem
937 949 1137 991 referens
1164 946 1244 987 vix
1272 942 1410 1001 digna
1437 941 1521 994 sit,
1553 947 1677 995 'quae

256 1023 518 1064 nominetur
545 1021 763 1077 parodia:
808 1028 875 1064 est
904 1028 1055 1063 tamen
1086 1018 1289 1075 aliquid,
1337 1018 1430 1059 loci
1460 1016 1517 1057 ob
1546 1027 1677 1070 prae·

256 1096 470 1136 stantiam
510 1096 566 1136 ab
597 1079 804 1138 omnibus
844 1109 1017 1145 summa
1054 1093 1188 1135 laude
1218 1093 1328 1134 elati
1356 1091 1677 1133 sublimitatem

257 1169 422 1209 tollere
446 1167 665 1223 parodica
687 1171 950 1211 mutatione.
1013 1168 1151 1223 Atqui
1175 1164 1366 1223 parodia
1385 1163 1677 1219 praedicatis-

259 1242 423 1282 simum
439 1256 660 1297 quemque
685 1244 837 1284 locum
859 1245 1058 1285 referens
1080 1244 1322 1282 maximum
1340 1241 1497 1281 trisuma
1511 1244 1674 1280 m‘ovet.

258 1315 325 1364 Ex
355 1329 444 1370 quo
476 1330 640 1374 genere
670 1323 774 1358 sunt
802 1317 1029 1359 Matronis
1057 1329 1212 1358 versus
1244 1320 1283 1367 1⁴,
1300 1317 1374 1367 36,
1389 1317 1461 1365 41,
1484 1316 1675 1366 95,f·119.

259 1388 466 1444 Denique
496 1403 552 1431 ne
582 1389 630 1430 id
662 1389 843 1444 quidem
872 1393 1030 1449 fugere
1058 1403 1140 1430 nos
1170 1394 1339 1443 potest,
1370 1401 1459 1442 quo
1487 1385 1679 1442 parodia

258 1464 447 1517 propius
479 1461 537 1503 ad
576 1462 865 1504 referendum
897 1465 1127 1520 exemplar
1156 1465 1230 1506 vel
1259 1465 1495 1505 literarum
1524 1456 1679 1504 Sonitu

260 1535 460 1590 accedit,
501 1536 651 1579 videri
682 1551 779 1578 eam
810 1551 863 1579 eo
895 1538 1231 1595 elegantiorem.
1294 1536 1425 1592 Quod
1454 1538 1679 1592 imprimis

261 1612 459 1653 efficitur
487 1613 739 1653 mutatione
769 1612 817 1652 in
847 1612 981 1654 finem
1002 1626 1164 1655 versus
1185 1618 1433 1664 reservata,
1465 1614 1678 1668 quoniam

261 1688 326 1727 ita
356 1688 501 1728 lector
527 1688 652 1729 velut
681 1702 919 1742 suspensus
949 1694 1141 1729 tenetur.
1211 1688 1359 1741 Quare
1388 1688 1521 1744 longe
1549 1671 1678 1742 prae-

187 1799 195 1803 ,
261 1766 381 1801 stare
411 1774 595 1815 semper
616 1761 732 1801 mihi
761 1762 850 1803 visi
879 1766 985 1802 sunt
1011 1774 1167 1803 versus
1196 1759 1422 1802 Man-onis
1452 1766 1495 1813 3,
1526 1767 1571 1803 et
1600 1762 1679 1816 qui

262 1840 367 1876 sunt
396 1834 515 1889 apud
546 1836 706 1877 Athem
739 1836 816 1877 ΙΙΙ.
853 1851 895 1892 p.
927 1841 1000 1882 73.
1032 1837 1079 1878 E.
1157 1837 1393 1876 Homerici
1422 1831 1542 1877 enim
1572 1836 1679 1886 loci,

263 1921 375 1963 quos
405 1906 623 1963 parodiae
660 1909 772 1950 istae
809 1910 1072 1963 imitantur,
1131 1908 1288 1964 Odyss.
1321 1909 1399 1951 VI.
1426 1913 1557 1963 164,
1599 1909 1677 1953 XI.

263 1986 365 2028 576.
398 1983 568 2037 >paucis
610 1988 783 2024 tantum
824 1986 972 2026 literis
1017 1985 1072 2026 ab
1121 1986 1219 2039 ipsa
1267 1982 1457 2039 parodia
1496 1982 1678 2026 distant.

263 2059 403 2113 Atqui
434 2072 567 2112 quam
598 2057 795 2101 ridicule
825 2061 1046 2101 sententia
1077 2060 1371 2101 est-mutata!

379 2132 446 2172 De
492 2132 626 2173 rebus
673 2135 908 2189 quaerenti
924 2164 939 2186 ‚
999 2147 1108 2189 quas
1163 2122 1365 2188 pat-odiis
1418 2132 1683 2175 tractaverit

265 2205 479 2260 Maron,
540 2208 687 2248 solum
732 2206 781 2248 id
819 2221 1000 2249 carmen
1043 2196 1375 2262 respiciendum
1412 2211 1502 2258 est,
1561 2204 1683 2262 quod

265 2278 385 2336 apud
414 2278 576 2322 Athen.
609 2280 686 2322 IV.
735 2295 776 2336 p.
813 2285 912 2328 134.
953 2282 1134 2339 legitur.
1225 2280 1371 2334 Hujus
1401 2281 1520 2336 enim
1549 2282 1683 2323 unius

266 2355 436 2396 serv-ati
466 2361 571 2396 sunt
600 2370 755 2397 versus
786 2357 894 2397 satis
925 2357 1070 2396 multi.
1159 2356 1238 2397 Est
1267 2361 1416 2396 autem
1444 2355 1494 2395 in
1523 2368 1576 2397 eo
1607 2354 1684 2397 de-

267 2431 439 2483 scripta
478 2441 616 2473 coena
656 2429 871 2472 Xenoclis
908 2430 1112 2472 rhetoris
1151 2429 1436 2472 Atheniensis
1481 2431 1683 2485 opipara,

265 2506 340 2545 cui
371 2505 468 2559 ipse
499 2504 723 2545 interfuit.
787 2505 921 2559 Cujus
948 2519 1049 2546 cum
1080 2505 1224 2557 major
1247 2517 1352 2559 pars
1376 2505 1686 2546 contineretur

317 2673 355 2715 1)
389 2672 437 2708 In
463 2670 635 2708 carmine
659 2669 849 2718 parodica
873 2672 975 2721 apud
998 2672 1139 2709 Athen.
1165 2671 1236 2709 lv.
1261 2673 1395 2725 pslssd.
1424 2708 1427 2711 Δ
