1771 3043
191 182 263 233 20

193 316 600 373 nominatschol.)
616 346 631 369 ‚
688 315 768 358 aed
795 328 952 360 versus
977 313 1040 363 ob
1067 321 1385 373 argumentum
1412 329 1612 370 amarum

194 391 544 442 sillis'similes„
587 390 685 432 Nec
713 392 865 446 potuit
891 395 1021 431 tanto
1049 377 1210 435 ardori
1238 391 1611 443 non-succedere,

194 471 247 508 ut
284 466 358 508 vel
396 466 529 524 Diog.
564 465 646 509 La.
676 467 840 520 verba,
897 481 1013 523 *quae
1053 477 1190 521 supra
1216 476 1276 519 p.
1312 467 1381 508 15.
1414 464 1610 518 laudavi,

195 555 251 596 ex
287 554 368 590 sua
406 542 632 585 sententia
670 542 933 598 explicaret.
1023 542 1147 597 Quae
1187 541 1270 582 ita-
1290 540 1612 595 interpretatus

195 622 290 658 est:
349 616 568 671 >mm-ipsit
611 615 735 664 inter
771 612 978 671 poeulata
1022 622 1120 659 tum
1160 616 1340 673 elegias
1369 620 1465 659 tum
1503 614 1614 654 iam-

194 690 314 732 bos.<‹
378 688 470 731 Sed
497 686 585 744 ἔπη
616 702 708 730 non
735 688 1003 746 significant
1026 690 1075 730 in
1103 691 1364 733 universum
1393 694 1615 744 poemata,

194 762 274 822 sed
301 763 490 809 heroica
518 761 652 803 modo
683 762 906 811 carmina3
947 776 1061 818 quae
1088 770 1142 805 ut
1169 769 1290 806 recte
1319 763 1493 819 possint
1521 774 1615 802 am-

195 839 336 894 plecti
366 835 559 891 ἰάμβους
589 835 812 887 (earmina
841 837 1105 890 irrisoria):
1157 844 1307 881 tamen
1338 837 1538 890 ἐλεγεῖαι
1567 834 1616 876 ἐν

196 911 332 955 ἔπεσι
361 924 641 967 nequaquam
684 918 807 954 recte
837 919 1025 968 possunt
1055 912 1169 961 dici„
1216 942 1218 945 s
1249 914 1367 955 Nam
1397 925 1498 954 cum
1528 907 1613 958 ἔπη

194 987 451 1046 significent
479 985 714 1026 heroicum
743 992 961 1040 metr-um,
999 987 1195 1041 ἐλεγεῒαι
1224 989 1490 1047 elegiacum:
1537 998 1615 1042 ape
1651 992 1652 995 ’

194 1067 325 1118 paret
353 1059 476 1101 idem
506 1073 687 1100 carmen
715 1074 806 1101 non
835 1074 966 1116 posse
996 1076 1091 1103 esse
1122 1060 1346 1116 ἐλεγείαν,
1387 1068 1433 1103 et
1461 1074 1616 1102 recen-

195 1138 288 1179 seri
317 1136 439 1177 inter
468 1129 554 1181 ἔπη
578 1136 627 1184 1).
708 1135 860 1178 Restat
880 1135 1127 1178 Strabonis
1157 1137 1312 1189 locus,
1354 1132 1616 1186 Ξενοφάνης
1694 1174 1701 1177 ,

197 1211 222 1251 ὁ
254 1208 364 1259 τοὺς
395 1207 586 1255 σίλλους
625 1206 821 1258 ποιήσας
864 1208 940 1249 διὰ
974 1209 1266 1265 ποιημάτων,
1322 1224 1452 1267 quem
1490 1209 1613 1251 Paul.

196 1302 239 1344 p.
262 1291 332 1331 18.
362 1286 716 1339 interpretatur:
763 1284 865 1339 »qui
895 1285 1023 1333 sillos
1052 1287 1162 1327 fecit
1190 1299 1273 1340 per
1301 1286 1617 1332 collectionem

197 1361 449 1403 carminum
480 1369 697 1413 sparsos.<‹
766 1358 827 1400 At
854 1371 910 1399 ne
938 1365 1088 1415 potest
1117 1358 1297 1416 quidem
1328 1360 1394 1400 ita
1418 1359 1617 1415 explica-

196 1437 265 1476 ι·ἰ.χ
343 1432 547 1474 Debebat
575 1432 695 1471 enim
727 1432 947 1472 articulus
970 1430 1174 1484 adjectus
1204 1448 1297 1475 esse
1326 1431 1384 1474 ad
1413 1417 1616 1486 ,ἆεοιημά-

194 1521 299 1549 των.
359 1504 708 1562 Simplicissima
738 1504 977 1548 Strabonis
1007 1508 1323 1562 interpretatio
1354 1507 1464 1550 haec
1491 1505 1617 1550 vido-

196 1590 274 1624 tur
304 1595 421 1623 esse:
456 1581 558 1634 »qui
591 1580 719 1624 sillos
746 1566 856 1621 fecit
883 1582 1088 1623 versibus
1118 1584 1358 1634 inclusos«,
1399 1590 1453 1629 ut
1483 1584 1615 1644 Diog-

196 1660 276 1701 La.
308 1656 387 1699 IX.
421 1661 463 1708 3,
492 1660 565 1700 22.
596 1654 852 1708 φιλοσοφεῖ
884 1652 962 1694 διὰ
993 1652 1273 1709 ποιημάτων.
1333 1658 1404 1701 Ita
1431 1660 1505 1702 vel
1535 1659 1618 1703 Ca·-

199 1732 322 1773 saub.
362 1730 466 1783 »qui
495 1730 624 1770 sillos
655 1726 844 1768 mordax
871 1741 1031 1782 poema
1060 1731 1281 1785 scripsit.«
1345 1732 1501 1788 Neque
1530 1734 1618 1776 hoc

200 1807 408 1863 languet,
449 1804 520 1843 uti
549 1787 674 1842 Paul.
708 1803 935 1858 opinatur.
996 1803 1105 1845 Erat
1132 1806 1272 1858 enim,
1303 1806 1425 1863 quod
1452 1806 1619 1852 Strabo

200 1879 441 1935 populares
472 1874 685 1928 doceret,
746 1876 876 1917 sillos
915 1879 1169 1933 posteriore
1201 1886 1404 1937 tempore
1432 1897 1522 1925 non
1552 1885 1620 1928 ita

202 1953 357 1994 multis
390 1952 692 2007 compositos,
743 1949 918 2008 legibus
954 1953 1157 1995 metricis
1196 1953 1436 1999 adstrictos
1467 1959 1620 2001 fuisse.

202 2028 299 2069 Imo
330 2027 505 2067 solutae
537 2027 759 2069 orationis
791 2027 1003 2082 operibus
1033 2028 1264 2071 ,irrisoriis
1300 2037 1456 2086 postea
1493 2033 1621 2074 sillo-

204 2115 306 2142 rum
337 2113 501 2141 nomen
531 2098 728 2142 inditum
758 2115 881 2154 esse,
940 2103 1099 2160 colligi
1136 2110 1284 2160 potest
1313 2119 1369 2147 ex·
1398 2107 1619 2150 Ammian.

207 2174 351 2214 Marc.
383 2171 526 2213 XXII.
562 2173 750 2228 16.‚,de
779 2187 868 2229 quo
899 2175 1001 2216 loco
1032 2174 1234 2232 disputat
1261 2171 1384 2220 Paul.
1416 2193 1458 2235 p.
1474 2185 1544 2226 22.
1568 2182 1624 2236 ²)-..

255 2302 294 2343 1)
328 2301 505 2338 Passow.
538 2301 694 2347 quidem
736 2315 767 2342 s.
803 2318 837 2343 v.
876 2304 1034 2354 ἐλεγεῖον
1069 2308 1305 2345 contendens
1338 2308 1622 2362 epigrammata,

326 2370 369 2400 ut
394 2375 493 2410 quae
518 2365 746 2412 plerumque
772 2368 956 2407 distichis
982 2371 1198 2420 composita
1221 2372 1323 2417 sint,
1364 2371 1504 2421 ἐλεγεῖα
1528 2379 1623 2426 dici,

328 2426 504 2472 quamvis
537 2427 613 2464 sint
639 2430 925 2476 hexametrica,
974 2434 1088 2469 affert
1113 2429 1315 2471 De'mosth.
1349 2449 1381 2473 c.
1406 2437 1546 2477 Neaer.
1582 2448 1620 2490 p.

326 2492 431 2529 1378.
505 2490 582 2529 Sed
612 2492 669 2529 ibi
691 2495 834 2540 justum
859 2496 1059 2536 distichon
1085 2504 1166 2545 est,
1201 2501 1303 2545 quod
1327 2498 1484 2551 ἐλεγεῖον
1507 2518 1622 2544 voca-

330 2563 404 2592 tur.
465 2557 660 2604 Exempla
686 2558 805 2606 igitur
831 2562 944 2608 hujus
970 2563 1028 2601 rei
1057 2564 1253 2602 desidero.

259 2634 298 2679 2)
330 2635 468 2675 Possis
493 2637 658 2676 sortasse
683 2640 888 2689 Strabonis
920 2647 1048 2684 locum
1072 2646 1135 2684 vel
1173 2645 1484 2696 inexplicate:
1537 2650 1626 2694 »qui
