1771 3043
202 186 270 241 10

164 347 166 350 ·
200 323 320 369 disse
362 325 573 384 parodias
614 338 850 369 censeam·
837 352 852 376 ‚
918 339 1023 367 nam
1060 325 1267 368 Matroni
1306 325 1610 384 principatum

200 401 290 443 hoc
318 403 367 442 in
397 414 561 460 genere
589 399 745 443 deberi
776 403 897 443 infra
926 400 1173 457 apparebit.
1263 398 1362 442 Sed
1381 407 1610 479 praestan-

199 476 293 531 tiae
327 477 419 529 ejus
448 487 582 518 causa
617 476 705 516 sita
734 481 802 517 est
837 488 928 517 non
964 480 1056 515 tam
1090 475 1139 515 in
1173 487 1257 526 eo,
1315 474 1438 530 quod
1459 456 1608 516 multi

198 555 303 591 ante
346 550 493 605 ipsum
540 547 861 606 componendis
903 546 1106 604 parodiis
1150 561 1331 604 operam
1373 546 1607 601 dederunt,

199 636 330 678 quam
361 623 410 663 in
439 623 695 665 virtutibus
726 624 867 678 ipsius
906 622 1093 680 ingenii.
1181 621 1278 664 Nec
1307 620 1495 664 difficile
1525 629 1606 676 est,

196 697 327 751 hujus
357 698 428 739 rei
458 710 635 738 causam
675 697 892 738 invenire.
980 694 1098 737 Nam
1128 709 1228 737 cum
1259 696 1464 737 omnibus
1492 702 1608 739 esset

198 778 373 813 certum
402 769 626 827 quoddam
655 770 905 825 exemplar,
943 767 1000 811 ad
1026 768 1148 826 quod
1179 772 1476 827 respicerent,
1514 784 1607 813 non

194 848 347 902 potuit
368 859 495 887 suum
516 846 703 899 quisque
728 844 950 885 orationis
979 857 1118 902 genus
1147 847 1385 900 proprium
1411 845 1610 897 efficere,›

194 918 274 962 sed
311 925 484 960 tantum
525 918 574 958 in
614 918 775 959 alienis
811 917 962 959 verbis
1000 923 1104 973 apto
1141 918 1367 961 mutandis
1404 920 1606 963 cernitur

167 992 469 1050 *parodorum
499 992 731 1050 ingenium
760 995 894 1045 atque
922 992 1124 1032 facultas.
1207 992 1425 1036 Materies
1455 1000 1606 1036 autem

191 1067 529 1127 pangendarum
559 1063 851 1121 parodiarum
878 1063 1051 1119 (versus
1080 1067 1350 1115 Homericos
1379 1069 1504 1125 dico)
1532 1085 1605 1114 ea-

193 1142 294 1186 dem
323 1150 422 1185 erat
450 1148 495 1185 et
524 1143 595 1194 ei,
651 1141 728 1196 qui
744 1141 929 1195 v,primus
958 1140 1276 1196 Homericam,
1329 1151 1374 1186 et
1402 1146 1472 1198 ei,
1526 1146 1605 1201 qui

192 1218 463 1259 novissimus
508 1215 761 1272 composuit
804 1203 1053 1268 pat-odiam.
1088 1238 1154 1266 ,-
1239 1217 1414 1260 Deinde
1448 1232 1514 1261 ⁴ne
1554 1217 1606 1260 id

193 1290 374 1348 quidem
402 1293 557 1349 fugere
586 1304 667 1331 nos
704 1296 879 1345 potest,
934 1289 1144 1346 parodias
1170 1305 1446 1348 nequaquam
1474 1307 1604 1349 posse

192 1366 328 1406 aliam
359 1366 407 1404 in
439 1365 638 1421 linguam
670 1365 819 1415 verti,
879 1366 968 1405 nisi
1006 1364 1210 1419 putidam
1250 1379 1303 1406 ac
1342 1365 1601 1425 lang-uidam

191 1441 448 1482 orationem
473 1435 663 1481 reddere
690 1438 820 1481 velis.
850 1462 909 1473 -—

306 1515 422 1557 Sunt
451 1520 600 1555 autem
630 1512 719 1555 duo
761 1527 946 1568 poeseos
983 1528 1174 1572 genera,
1234 1530 1346 1571 quae
1377 1516 1601 1573 parodiae

191 1591 372 1649 quidem
411 1590 580 1632 similia
619 1590 727 1631 satis
769 1595 916 1631 tamen
954 1590 1009 1631 ab
1049 1604 1101 1633 ea
1137 1589 1335 1634 distant.v
1405 1590 1600 1635 Parodia

189 1669 309 1708 enim
338 1672 391 1706 ut
419 1665 568 1704 aliena
595 1664 734 1705 verba
772 1669 944 1703 mutata
979 1665 1027 1703 in
1064 1665 1199 1704 aliam
1228 1666 1598 1708 sententiam-de-

124 1734 127 1737 ’
189 1746 398 1797 torquet·
456 1739 520 1779 ita
559 1740 763 1780 centonis
804 1738 890 1780 hoc
932 1739 1079 1794 ipsum
1118 1744 1185 1781 est
1222 1740 1456 1796 proprium
1475 1770 1489 1794 ‚
1546 1748 1599 1784 ut

188 1829 344 1859 versus
374 1815 481 1854 hinc
512 1812 616 1853 inde
648 1827 701 1852 ex·
726 1813 817 1852 alio
842 1813 1065 1879 scriptore
1092 1814 1251 1863 sumti,
1283 1827 1339 1855 ne
1361 1816 1600 1856 minimum

188 1888 368 1947 quidem
398 1889 581 1940 mutati,
612 1886 688 1929 sed
719 1880 1027 1928 tantummodo
1058 1888 1193 1929 aliter
1221 1887 1428 1945 dispositi
1457 1892 1597 1933 effici-

187 1971 265 2005 ant
294 1963 558 2005 sententiam
587 1962 721 2002 aliam
738 1991 751 2013 ‚
805 1967 938 2016 atque
967 1963 1007 2003 is
1035 1963 1182 2004 voluit
1200 1992 1213 2015 ,
1261 1965 1340 2020 qui
1361 1978 1444 2007 eos
1473 1980 1596 2009 com..

186 2039 351 2094 posuit.
411 2039 466 2077 cf.
501 2036 667 2093 Scalig.
700 2035 820 2075 Poet.
851 2035 885 2076 I.
915 2038 990 2079 43.
1050 2036 1215 2095 Fliigel.
1246 2038 1279 2080 1.
1311 2054 1352 2095 p.
1375 2044 1477 2085 355.
1535 2041 1596 2083 At

187 2112 438 2154 rectissime
468 2109 677 2165 Stephan.
709 2110 808 2151 Par.
840 2123 954 2152 mor.
993 2124 1035 2168 p.
1063 2115 1153 2158 130
1183 2118 1228 2161 et
1259 2118 1354 2161 136.
1387 2114 1595 2159 observa-

184 2190 268 2239 vit,
301 2199 619 2240 nonnunquam
649 2193 694 2227 et
724 2188 771 2227 in
801 2188 1064 2229 centonibus
1092 2188 1306 2244 parodiae
1336 2196 1382 2232 et
1410 2192 1460 2231 in
1488 2175 1591 2246 par-

185 2261 304 2305 odiis
336 2260 539 2302 centonis
568 2259 823 2302 libertatem
852 2264 1061 2318 usurpari
1097 2263 1145 2317 ¹).
1232 2264 1292 2306 Ut
1326 2266 1446 2306 enim
1475 2266 1592 2309 diffi-

184 2337 272 2378 cile
316 2336 405 2375 fuit
425 2339 665 2374 ‘centonem
694 2338 980 2389 componenti
1009 2352 1163 2379 versus
1196 2340 1402 2382 invenire
1420 2370 1434 2393 ,
1493 2344 1591 2399 qui-

228 2474 266 2515 1)
299 2473 384 2509 Quo
412 2472 656 2512 referendum
677 2480 736 2509 est
756 2474 869 2509 etiam
893 2474 957 2520 id,
984 2478 1087 2522 quod
1105 2479 1281 2515 Eustath.
1308 2491 1345 2526 p.
1357 2482 1460 2518 1665.
1481 2495 1517 2519 v.
1528 2486 1587 2521 33.

298 2537 357 2572 ed.
387 2537 498 2572 Rom.
527 2537 718 2573 Matronis
753 2538 1029 2584 fragmentum,
1079 2543 1180 2587 quod
1218 2552 1278 2580 est
1314 2546 1414 2594 apud
1446 2547 1586 2584 Athen.

297 2600 390 2637 XV.
427 2602 558 2648 p.697.
584 2602 628 2639 F.
667 2602 727 2638 sic
752 2602 901 2641 laudat:
963 2603 1134 2654 Μάτρων
1158 2610 1353 2655 κέντρωνος
1375 2608 1470 2659 λόγῳ
1493 2624 1587 2659 συμ-

297 2662 461 2711 φορήσας
484 2673 559 2703 etc.
1090 2684 1092 2687 “
1215 2663 1217 2665 ¹
