1771 3043
1497 193 1564 247 11

160 331 241 374 bus
272 327 647 384 ἀπαραποιητοτς.
671 332 939 373 sentent-iam
970 331 1192 375 diversam
1221 332 1465 376 tribueret:
1502 333 1567 373 ita

158 403 450 469 parodiarum
479 405 678 463 scriptor
705 417 1080 461 summum-saepe
1105 408 1245 448 risum
1272 407 1437 458 movit,
1467 419 1567 448 ver-

151 470 216 522 'ba
231 479 362 521 anihil
392 487 562 522 mutata
589 482 790 523 referens
820 478 877 520 ad
907 479 1043 520 aliam
1071 494 1182 522 rem.
1269 482 1334 522 Ex
1369 481 1456 523 hoc
1492 494 1567 539 ge-

157 566 265 595 nere
293 560 398 595 sunt
426 553 654 595 Matronis
682 566 837 596 versus
866 555 923 598 62
953 567 1017 608 sq.
1058 553 1176 608 apud
1203 554 1362 597 Athen.
1394 554 1473 596 IV.
1520 568 1564 611 p.

159 629 259 672 135.
291 626 336 668 F.
368 645 426 661 -b
458 624 623 670 -Aliud
652 624 896 669 discrimen
926 626 1161 684 parodiam
1195 629 1316 670 inter
1344 634 1390 670 et
1417 634 1565 671 trave-

156 701 313 753 stiam,
353 714 466 757 quae
496 701 696 756 dicitnr,
745 701 1000 744 intercedit.
1069 701 1271 745 Servatis
1301 705 1419 744 enim
1448 705 1565 745 alius

156 780 315 831 poetae
336 778 593 831 sententiis,
623 779 783 820 saltem·
810 779 1067 835 primariis,
1099 776 1282 820 dicendi
1312 779 1432 818 ratio
1463 791 1565 836 gra-

154 850 223 891 vis
253 856 299 891 et
327 851 476 905 ampla
505 857 705 893 mutatur
733 854 782 893 in
807 853 945 895 vilem
969 853 1318 910 vulgaremque3
1359 856 1407 891 at
1434 864 1566 906 paro-

156 919 237 964 dus
269 922 355 965 hoc
385 924 530 981 ipsum
559 931 753 981 spectat,
792 925 1019 976 utaliena
1043 925 1179 966 verba
1208 924 1445 983 magnifica
1473 937 1565 966 ser-

153 1002 229 1038 vet
258 998 375 1052 ipse,
416 1004 628 1054 quantum
657 999 758 1040 fieri
787 999 941 1054 possit.
1002 996 1226 1040 Similiter
1255 1012 1350 1040 rem
1381 998 1564 1054 expedi-

153 1070 222 1112 vit
251 1071 522 1113 Eichstaedt.
555 1070 611 1113 de
640 1070 786 1113 dram.
813 1070 892 1113 Gr.
925 1084 1067 1112 com.-
1084 1078 1164 1112 sat.
1196 1086 1238 1127 p.
1257 1076 1327 1116 50.

268 1145 442 1200 Restat,
475 1153 528 1188 ut
556 1148 703 1188 dicam
733 1146 788 1188 de
818 1152 975 1199 aetate,
1007 1159 1101 1202 quo·
1123 1144 1415 1201 parodiarum
1442 1161 1561 1188 com-

153 1219 460 1275 ponendarum
499 1220 698 1263 studium
734 1222 927 1263 maxime
963 1220 1082 1277 apud
1112 1220 1307 1261 Graecos
1337 1221 1559 1262 floruerit.

153 1293 283 1348 Quod
321 1300 417 1336 tum
457 1293 635 1337 demum
674 1296 763 1336 fuit
780 1325 793 1349 ‚
854 1309 956 1336 cum
992 1296 1149 1351 poesin
1180 1293 1398 1336 Graecam
1435 1295 1562 1349 quasi

151 1370 450 1412 senescentem
479 1371 664 1426 propria
692 1368 954 1425 proferendi
983 1371 1171 1410 facultas
1197 1369 1421 1411 deficeret.
1482 1370 1562 1410 At-

150 1450 301 1487 tamen
342 1459 443 1487 cum
482 1458 537 1487 ne
567 1441 678 1486 'ante
709 1443 887 1504 quidem
918 1444 1326 1487 Alexandrinorum
1355 1452 1559 1502 tempora

154 1518 358 1561 deessent
382 1520 652 1561 Homericae
680 1519 914 1575 parodiae:
946 1520 1000 1560 ab
1027 1519 1097 1561 his
1122 1521 1306 1561 initium
1330 1535 1560 1577 capessen-

153 1594 257 1637 dum
287 1601 364 1638 est.
424 1594 513 1637 Sed
543 1609 598 1637 ne
629 1596 789 1651 amplis
818 1594 997 1651 quidem
1026 1596 1188 1637 finibus
1218 1597 1559 1653 circumscripta

153 1670 367 1712 est'aetas
397 1682 551 1711 earum
589 1672 727 1713 feraX.
817 1671 1053 1726 Postquam
1092 1672 1212 1712 enim
1250 1653 1398 1710 literis
1437 1673 1559 1711 intra

150 1743 301 1788 Musei
330 1746 524 1801 parietes
555 1745 739 1786 inclusis
770 1758 861 1787 non
889 1745 1081 1801 amplius
1110 1746 1315 1797 fuerunt,
1355 1745 1433 1801 qui
1462 1744 1560 1787 Ho-

150 1833 323 1861 merum
352 1821 570 1864 memoria
598 1825 798 1860 tenentes
817 1849 831 1872 ,
882 1817 1092 1872 parodias
1122 1817 1178 1858 ad
1207 1831 1307 1858 eum
1338 1820 1559 1874 composi-

151 1900 219 1936 tas
255 1896 509 1937 sentirent:
566 1908 720 1937 earum
757 1892 954 1935 studium
993 1891 1177 1933 desiisse
1209 1889 1401 1933 videtur.
1489 1892 1559 1935 Ita

149 1972 316 2012 factum
359 1976 453 2022 est,
484 1992 488 1995 ·
510 1973 563 2010 ut
590 1967 775 2011 secundi
803 1967 1023 2010 Ptolemai
1051 1971 1252 2020 tempore
1279 1969 1453 2007 viveret
1481 1979 1557 2006 ex-

149 2049 317 2086 tremus
347 2057 502 2087 eorum
517 2073 531 2096 ‚
573 2056 693 2099 quos
714 2041 971 2105 ‘Homerum
1001 2036 1190 2094 parodia
1219 2039 1461 2082 referentes
1491 2041 1556 2081 fa-

149 2132 267 2161 mam
295 2125 449 2170 nactos
479 2131 574 2160 esse
602 2118 776 2159 scirem.

531 2196 952 2205 -0-—„.—-—-..-..-...-„,-.-
959 2196 1007 2199 -ᾼ

656 2296 920 2355 CAPUT
960 2286 1037 2353 ΙΙ.

190 2466 194 2469 ἢ
265 2407 618 2458 ΗιΡΡοΝΑΧ
662 2404 1008 2456 PARomAE
1056 2402 1428 2452 INVENTOR.

1010 2192 1161 2199 ,Α

259 2586 327 2629 De
357 2589 591 2632 inventore
621 2584 861 2644 parodicae
890 2598 1074 2642 poeseos
1103 2597 1203 2625 cum
1233 2583 1473 2634 fluctuent,
1502 2586 1554 2621 ut

144 2662 193 2702 in
223 2661 440 2716 ejusmodi
470 2665 602 2707 rebus
631 2662 732 2704 fieri
757 2661 903 2714 solet,
933 2660 1180 2702 sententiae
1208 2662 1410 2699 veterum
1440 2656 1552 2696 scri-
