1771 3043
206 240 523 248 „arra-—--—-·--———--—-
529 238 1297 255 m.-.
1306 249 1335 253 υ»,
1347 249 1516 255 -<·-⁴-»-·----
1522 250 1579 255 ⁷-—

588 708 1163 819 PRAEFATiO.

172 1015 422 1105 Scribere
457 1068 587 1096 ausus
626 1068 745 1107 sum,
801 1056 903 1112 etsi
921 1053 1068 1097 stadio
1098 1054 1455 1101 academicorum
1483 1064 1576 1099 stu-

161 1114 347 1180 }fiorum
378 1131 456 1172 vix
484 1141 722 1185 percurso,
755 1125 875 1184 quod
895 1128 971 1185 2stst
999 1134 1173 1171 tantum
1203 1132 1364 1170 summi
1395 1132 1443 1171 in
1473 1133 1575 1188 phi-

169 1205 378 1261 losophia
406 1204 598 1253 honores
626 1207 867 1259 parantum
908 1202 1023 1247 hanc
1046 1217 1155 1245 vero
1181 1217 1276 1244 rem
1306 1206 1422 1264 elegi
1453 1206 1572 1259 ideo,

166 1285 219 1321 ut
246 1278 525 1322 adverterem
554 1278 668 1318 alios
708 1274 764 1321 ad
803 1274 1042 1334 parodicae
1079 1290 1265 1338 poeseos
1296 1277 1573 1321 Graecorum

166 1369 304 1414 genus
320 1383 332 1406 ,
392 1367 490 1394 cum
523 1348 982 1409 quoniamwlartissime
1010 1356 1160 1405 patet,
1219 1339 1314 1392 tinn
1344 1352 1399 1394 ob
1430 1354 1572 1409 ipsius

163 1430 355 1475 virtutes
389 1419 726 1485 dignissimum,
786 1423 834 1463 iu
865 1435 952 1478 quo
983 1425 1203 1480 quispiam
1242 1439 1312 1467 me
1352 1432 1398 1467 et
1426 1434 1571 1471 aetate

166 1509 212 1545 et
240 1501 445 1548 doctrina
474 1500 617 1554 maior
645 1495 842 1558 studium
873 1497 1130 1559 collocaret.
1208 1498 1422 1541 Nondum
1452 1504 1572 1545 enim

164 1558 271 1619 huic
311 1558 494 1632 poeseos
525 1572 723 1617 Graecae
760 1571 881 1627 parti
914 1573 1108 1631 contigit
1139 1586 1190 1614 ea
1220 1574 1325 1625 lux,
1384 1589 1471 1630 qua
1501 1591 1572 1619 ce-

164 1652 275 1693 teris
305 1656 460 1692 nostra
488 1661 572 1704 per
599 1653 805 1703 tempora
833 1648 926 1689 frui
957 1648 1099 1690 licuit.
1174 1649 1443 1704 Antiquiore
1472 1653 1571 1707 qui-

163 1724 266 1768 dem
306 1731 510 1780 tempore
550 1720 717 1762 Henr.
756 1718 1077 1776 Stephanus
1119 1722 1397 1765 Graecorum
1436 1740 1570 1781 paro-

162 1798 298 1853 dias,
339 1789 426 1853 qua
471 1795 645 1844 solebat
690 1799 736 1834 et
774 1792 982 1834 doctrina
1028 1802 1074 1836 et
1111 1798 1316 1837 acumine
1356 1802 1571 1841 tractavit

162 1872 334 1919 duobus
378 1858 536 1912 libris:
601 1866 816 1922 »Ὁμήρου
850 1867 928 1908 καὶ
956 1867 1169 1921 Ἡσιόδου
1201 1869 1328 1924 ἀγών
1354 1877 1436 1913 etc.
1469 1872 1569 1931 Ma-

159 1929 305 1998 tronis
342 1952 388 1988 et
423 1946 617 1987 aliorum
654 1930 872 2000 parodiae
903 1927 964 1987 ⁴ex
993 1946 1184 2006 Homeri
1222 1946 1425 1991 versibus
1464 1961 1569 1988 con-

158 2029 305 2064 sutae«
339 2034 457 2061 anno
483 2022 627 2068 15733
667 2034 797 2075 quem
825 2022 994 2063 librum
1024 2021 1112 2075 duo
1142 2026 1244 2077 post
1272 2034 1412 2061 annos
1443 2035 1568 2062 secu-

158 2104 230 2139 tae
270 2102 372 2137 sunt
411 2093 628 2148 ejusdem:
693 2094 935 2137 »Parodiae
965 2095 1166 2136 Morales
1197 2100 1280 2135 etc.
1315 2093 1566 2136 Centonum

157 2155 360 2213 veterum
390 2175 448 2209 et
488 2166 780 2222 parodiarum
821 2170 1056 2223 utriusque
1100 2157 1281 2225 linguae
1320 2171 1561 2224 exemplem<

158 2243 332 2286 Deinde
363 2249 429 2285 est
458 2244 506 2283 in
533 2240 779 2283 comment.
806 2240 941 2282 Acad.
975 2241 1113 2282 Paris.
1146 2241 1284 2283 Inscr.
1318 2241 1447 2284 Tom.
1465 2243 1564 2284 VII.

158 2315 419 2359 dissertatio
454 2317 618 2359 leviter
646 2316 901 2371 conscripta
938 2314 1240 2368 sanim-ii,
1297 2329 1415 2358 anno
1447 2321 1563 2363 1726

155 2391 382 2446 praelecta
419 2405 498 2433 sur
525 2390 733 2447 l'origine
763 2395 808 2431 et
836 2404 915 2431 sur
944 2391 987 2433 le
1016 2391 1243 2433 caractere
1274 2388 1329 2433 de
1358 2391 1404 2432 la
1431 2405 1565 2447 paro-

155 2466 241 2508 die.
329 2465 440 2508 Inde
470 2467 523 2506 ab
554 2466 640 2507 hoc
670 2472 818 2508 autem
849 2471 1080 2522 tempore,
1127 2471 1307 2522 praeter
1334 2479 1438 2519 eos,
1485 2469 1564 2522 qui

153 2539 390 2581 literarum
420 2539 658 2580 historiam
687 2541 987 2595 scripserunt,
1032 2542 1317 2596 potissimum
1357 2539 1561 2598 F16gel.

155 2612 423 2658 Geschichte
453 2611 498 2656 d.
530 2628 643 2656 com.
674 2614 867 2657 Literat.
900 2615 1048 2672 (Lips.
1085 2618 1217 2673 1784.
1248 2618 1289 2660 8.
1331 2613 1398 2656 IV
1417 2614 1562 2669 tom.)‚

1240 2709 1292 2751 1*
