1771 3043
1455 255 1527 309 39

114 385 311 444 piseibus
349 387 549 428 omnium
586 400 820 447 generum-²
836 391 1081 446 appositis:
1141 391 1279 435 etiam
1308 392 1523 435 carminis

113 460 213 516 plus
251 472 384 514 quam
421 459 660 506 dimidium
702 468 982 513 consumitur
1022 467 1169 509 iniis
1204 465 1521 510 enumerandis

114 533 270 589 (usque
300 534 357 577 ad
381 550 570 580 versum·
583 537 733 591 ,1Ο4.).ῖ
812 539 865 581 In
895 552 993 596 qua·
1010 548 1138 596 parte
1167 543 1254 584 etsi
1284 542 1521 585 invenian-

0 634 8 669 μ
111 615 193 651 tur
218 592 354 651 etiam
383 613 473 653 alia
509 614 704 655 fercula:
761 620 912 657 tamen
941 615 999 657 ad
1027 616 1380 674 cognoscendam
1413 603 1519 656 illo*-

110 686 212 725 rum
240 690 492 742 temporum
521 687 747 730 lautitiam
766 682 1049 745 >pet-mmmm
1083 689 1204 730 facit.
1291 689 1518 732 Luculen-

109 758 281 800 tissime
310 760 430 801 enim
458 762 753 816 perspicitur,
811 766 858 804 et
887 764 1157 804 fuisse-tum
1185 761 1373 804 Athenis
1403 762 1517 813 ὀψο-

109 829 288 884 φαγίαν
316 833 476 888 istam,
519 848 689 890 quam‚·
714 836 792 891 qui
820 836 1015 891 priscam
1044 848 1222 877 morum
1250 836 1516 892 simplicita-

108 913 206 948 tem.
218 912 520 959 sectarentur,
549 909 836 952 vehementer
863 910 1201 966 improbabant,
1232 916 1278 952 et
1297 922 1516 965 quaenam

105 982 299 1037 piscium
321 975 492 1041 'genera
521 985 811 1038 potissimum
831 986 1106 1041 appetierint
1135 987 1267 1027 istius
1295 985 1515 1041 temporis

105 1055 322 1097 homines.
410 1057 462 1097 In
502 1058 601 1112 ipso
637 1063 785 1100 autem
814 1061 1024 1102 convivio
1062 1058 1183 1100 haud
1217 1060 1283 1101 ita
1312 1054 1528 1101 modeste'

103 1134 305 1172 versatos
335 1144 428 1173 esse
457 1130 621 1191 docent
646 1144 717 1174 vv.
746 1135 957 1177 28—32.
1044 1130 1153 1173 Inde
1181 1145 1210 1172 a
1235 1147 1277 1175 v.
1311 1136 1411 1178 111.
1443 1145 1512 1174 se-

104 1207 261 1261 quitur
295 1220 446 1248 mensa
485 1205 707 1257 secunda3
766 1220 855 1262 qua
891 1212 1075 1262 peracta
1109 1208 1369 1250 meretrices
1414 1207 1511 1249 sive

102 1280 353 1323 saltatrices
383 1280 679 1324 adducuntur.
769 1281 893 1336 Quae
921 1283 962 1323 si
990 1282 1373 1338 contemplamur,
1418 1293 1511 1321 non

101 1360 251 1409 potest
280 1369 370 1399 non
401 1357 518 1398 oriri
548 1358 777 1412 quaestio,
833 1363 993 1399 utrum'
1016 1370 1126 1413 quos
1155 1356 1286 1398 nobis
1312 1355 1511 1397 servavit

100 1428 260 1471 Athen.
290 1444 443 1474 versus
483 1433 714 1474 effecerint
750 1433 975 1490 integrum
1013 1444 1221 1483 carmen,
1281 1443 1339 1473 an
1376 1429 1510 1484 (quae

65 1555 69 1566 x
99 1503 418 1561 plerorumque
455 1511 521 1547 est
555 1507 801 1558 sententia)
839 1494 1034 1549 hahendi
1064 1508 1162 1548 sint
1198 1519 1283 1563 pro
1320 1504 1505 1557 majoris

99 1580 311 1620 carminis
341 1581 604 1638 fragmento.
692 1583 839 1636 Atque
866 1581 1028 1622 Athen.
1059 1579 1245 1640 quidem*
1269 1593 1371 1620 cum
1400 1577 1505 1618 Plu-

98 1653 305 1695 tarchum
346 1655 455 1696 fecit
492 1653 741 1698 dicentem:
797 1651 1011 1695 Ἀττικὸν
1048 1652 1230 1695 δεῖπνον
1259 1648 1506 1706 διαγράφει

96 1725 319 1784 Μάτρων,
379 1726 492 1786 ὅπξρ
533 1727 610 1769 διὰ
647 1726 705 1768 τὸ
744 1727 941 1768 σπάνιον
970 1728 1051 1767 οὐκ
1082 1725 1139 1767 ἂν
1168 1724 1409 1779 ὀκνήσαιμι
1446 1748 1504 1756 —-

97 1799 517 1858 ἀπομνημονεῦσαι,
563 1806 818 1864 significare
834 1803 1039 1859 videtur,
1080 1803 1305 1861 integrum
1327 1799 1504 1842 Matro-

95 1879 168 1919 nis
198 1881 492 1933 carmen-jam
521 1880 660 1935 sequi.·
720 1878 895 1921 Deinde
912 1892 1013 1919 cum
1033 1891 1147 1933 quae
1175 1882 1279 1917 sunt
1307 1875 1503 1915 aliorum

96 1954 344 1995 carminum
383 1955 793 2011 componendorum
833 1956 952 2014 leges
967 1984 981 2007 ,
1018 1966 1117 2005 ¹eae
1160 1953 1209 1992 in
1250 1946 1501 2006 parodiam,

95 2040 209 2083 quae
246 2033 314 2069 est
351 2035 512 2070 natura
549 2030 665 2083 ejus,
717 2030 798 2072 vix
826 2027 1012 2069 cadant:
1071 2040 1127 2067 ne
1154 2026 1289 2065 finem
1318 2020 1501 2078 quidem

93 2102 270 2144 mirari.
303 2117 535 2158 possumus
584 2109 687 2159 post
728 2103 978 2145 absolutam
1025 2112 1208 2142 coenam
1242 2101 1500 2153 praerupte

93 2177 369 2233 impositum.
428 2177 579 2219 Habet
606 2177 717 2220 adeo
741 2178 958 2221 cornisam
984 2172 1206 2234 quandam
1229 2173 1347 2224 vim,
1378 2168 1500 2227 quod

93 2263 193 2293 cum
227 2252 444 2294 carminis
488 2253 670 2294 initium
707 2252 863 2293 moliri
898 2249 1107 2293 videatur
1149 2247 1346 2304 amplum
1386 2258 1497 2301 opus

91 2326 300 2383 aliquod,
360 2328 505 2384 ipsum
540 2335 687 2370 tamen
717 2319 895 2370 carmen
929 2328 1067 2368 arctis
1105 2326 1270 2367 finibus
1306 2325 1497 2383 circum-

90 2405 308 2460 scriptum
345 2411 423 2447 est.
510 2403 570 2446 At
608 2402 730 2446 sunt·
749 2402 868 2460 apud
902 2400 1061 2444 Athen.
1100 2401 1191 2441 alia
1229 2403 1494 2459 frag-menta,

82 2491 204 2533 quae
233 2479 319 2520 hoc
348 2480 397 2519 in
426 2480 625 2521 carmine
653 2478 866 2522 videntur
894 2480 1031 2520 fuisse
1059 2479 1235 2533 posita:
1279 2475 1402 2517 XIV.
1448 2489 1491 2529 p.

90 2555 190 2597 656.
234 2553 369 2608 11.·p.
402 2556 473 2597 62.
505 2553 551 2595 G.
641 2554 842 2607 Quorum
877 2554 1069 2594 alterum
1109 2553 1204 2606 ipse
1240 2551 1399 2592 Athen.
1437 2563 1494 2590 ex

89 2615 316 2669 Matronis
337 2626 557 2669 Convivio
588 2628 776 2683 petitum
804 2640 897 2669 esse
920 2626 1044 2668 dicit.
1104 2627 1172 2667 Ita
1201 2620 1302 2665 cum
1332 2625 1379 2664 in
1408 2623 1492 2664 hac

88 2702 287 2745 convivii
330 2701 631 2769 descriptione
674 2700 897 2746 excidisse
935 2702 1152 2762 nonnulla
1195 2701 1355 2758 negari
1401 2713 1493 2741 non
